Date_Time,RTD,Rsamp
2020-02-26 11:46:20.058372,1125.18516,40.1917997
2020-02-26 11:46:20.166378,1125.18749,40.191133
2020-02-26 11:46:20.202380,1125.18786,40.1912031
2020-02-26 11:46:20.250383,1125.18742,40.1898733
2020-02-26 11:46:20.311386,1125.18565,40.190168
2020-02-26 11:46:20.376390,1125.18617,40.1895786
2020-02-26 11:46:20.464395,1125.18388,40.1891365
2020-02-26 11:46:20.524399,1125.18639,40.1907574
2020-02-26 11:46:20.585402,1125.1872,40.1903154
2020-02-26 11:46:20.645405,1125.18801,40.1909785
2020-02-26 11:46:20.733410,1125.19059,40.1912732
2020-02-26 11:46:20.794414,1125.18838,40.1920099
2020-02-26 11:46:20.858418,1125.18683,40.1913468
2020-02-26 11:46:20.931422,1125.18543,40.192452
2020-02-26 11:46:21.012426,1125.18535,40.1927467
2020-02-26 11:46:21.077430,1125.18705,40.1919363
2020-02-26 11:46:21.143434,1125.1883,40.1925993
2020-02-26 11:46:21.210438,1125.18874,40.1919363
2020-02-26 11:46:21.292442,1125.18801,40.192673
2020-02-26 11:46:21.353446,1125.19051,40.1916415
2020-02-26 11:46:21.418450,1125.19081,40.190168
2020-02-26 11:46:21.484453,1125.19169,40.1871473
2020-02-26 11:46:21.567458,1125.19147,40.1881051
2020-02-26 11:46:21.627462,1125.19066,40.1891365
2020-02-26 11:46:21.684465,1125.18978,40.1886945
2020-02-26 11:46:21.750469,1125.18926,40.1909785
2020-02-26 11:46:21.832473,1125.18882,40.1895049
2020-02-26 11:46:21.899477,1125.1872,40.1886208
2020-02-26 11:46:21.956480,1125.18874,40.1898733
2020-02-26 11:46:22.023484,1125.18985,40.1892102
2020-02-26 11:46:22.104489,1125.18963,40.1917889
2020-02-26 11:46:22.170493,1125.19103,40.1948096
2020-02-26 11:46:22.237497,1125.19316,40.1948096
2020-02-26 11:46:22.296500,1125.19326,40.1923783
2020-02-26 11:46:22.378505,1125.19477,40.1917889
2020-02-26 11:46:22.438508,1125.19237,40.1898733
2020-02-26 11:46:22.505512,1125.19178,40.1903154
2020-02-26 11:46:22.564515,1125.19089,40.1906101
2020-02-26 11:46:22.647520,1125.18993,40.1884725
2020-02-26 11:46:22.707523,1125.19104,40.1895767
2020-02-26 11:46:22.767527,1125.1917,40.1887653
2020-02-26 11:46:22.833531,1125.19178,40.189059
2020-02-26 11:46:22.915535,1125.19266,40.1889844
2020-02-26 11:46:22.976539,1125.19281,40.1914884
2020-02-26 11:46:23.036542,1125.19347,40.1912665
2020-02-26 11:46:23.097546,1125.19318,40.1919286
2020-02-26 11:46:23.178550,1125.19273,40.1930328
2020-02-26 11:46:23.242554,1125.19281,40.1931055
2020-02-26 11:46:23.308558,1125.19251,40.1946527
2020-02-26 11:46:23.369561,1125.19133,40.1931792
2020-02-26 11:46:23.450566,1125.19067,40.1923687
2020-02-26 11:46:23.511569,1125.19251,40.1912636
2020-02-26 11:46:23.572573,1125.19237,40.1889796
2020-02-26 11:46:23.638577,1125.19244,40.1880218
2020-02-26 11:46:23.720581,1125.19185,40.1889796
2020-02-26 11:46:23.780585,1125.19163,40.1875797
2020-02-26 11:46:23.841588,1125.19192,40.1864746
2020-02-26 11:46:23.906592,1125.19001,40.1875797
2020-02-26 11:46:23.987597,1125.19104,40.1862536
2020-02-26 11:46:24.048600,1125.19111,40.1879481
2020-02-26 11:46:24.109604,1125.1934,40.1899374
2020-02-26 11:46:24.175607,1125.19325,40.1901584
2020-02-26 11:46:24.265613,1125.19708,40.1906742
2020-02-26 11:46:24.331616,1125.19627,40.1914846
2020-02-26 11:46:24.397620,1125.19436,40.1907478
2020-02-26 11:46:24.457623,1125.19627,40.1919267
2020-02-26 11:46:24.546629,1125.19347,40.1910426
2020-02-26 11:46:24.613632,1125.19289,40.1904531
2020-02-26 11:46:24.672636,1125.1919,40.1908952
2020-02-26 11:46:24.732639,1125.19282,40.1917056
2020-02-26 11:46:24.814644,1125.19408,40.1906005
2020-02-26 11:46:24.875647,1125.19327,40.1886112
2020-02-26 11:46:24.935651,1125.19511,40.1894953
2020-02-26 11:46:25.006655,1125.19555,40.1860325
2020-02-26 11:46:25.088660,1125.19644,40.1854431
2020-02-26 11:46:25.147663,1125.19902,40.1857378
2020-02-26 11:46:25.210667,1125.19946,40.1869903
2020-02-26 11:46:25.278670,1125.19799,40.1875797
2020-02-26 11:46:25.360675,1125.1985,40.1876534
2020-02-26 11:46:25.421679,1125.19762,40.1865483
2020-02-26 11:46:25.482682,1125.19865,40.1874324
2020-02-26 11:46:25.543686,1125.19629,40.1897164
2020-02-26 11:46:25.625690,1125.19592,40.1907498
2020-02-26 11:46:25.686694,1125.19541,40.1935515
2020-02-26 11:46:25.747697,1125.19393,40.1951743
2020-02-26 11:46:25.807701,1125.19666,40.1964288
2020-02-26 11:46:25.890705,1125.19666,40.1964307
2020-02-26 11:46:25.951709,1125.19644,40.1949592
2020-02-26 11:46:26.011712,1125.1974,40.1949611
2020-02-26 11:46:26.072716,1125.19519,40.1966576
2020-02-26 11:46:26.154721,1125.19644,40.1961438
2020-02-26 11:46:26.214724,1125.19548,40.195409
2020-02-26 11:46:26.275727,1125.19504,40.1956301
2020-02-26 11:46:26.339731,1125.19607,40.1965879
2020-02-26 11:46:26.427736,1125.19622,40.1953354
2020-02-26 11:46:26.487740,1125.19725,40.1947459
2020-02-26 11:46:26.547743,1125.19916,40.1941565
2020-02-26 11:46:26.609747,1125.20086,40.1953354
2020-02-26 11:46:26.696752,1125.20071,40.1968826
2020-02-26 11:46:26.756755,1125.20292,40.1945249
2020-02-26 11:46:26.816758,1125.20219,40.1947459
2020-02-26 11:46:26.884762,1125.19834,40.1936408
2020-02-26 11:46:26.965767,1125.19818,40.192462
2020-02-26 11:46:27.026770,1125.19872,40.1907674
2020-02-26 11:46:27.090774,1125.19767,40.19062
2020-02-26 11:46:27.157778,1125.20161,40.1909884
2020-02-26 11:46:27.239783,1125.20183,40.192904
2020-02-26 11:46:27.299786,1125.20028,40.1928303
2020-02-26 11:46:27.364790,1125.19844,40.1915778
2020-02-26 11:46:27.433794,1125.19844,40.1931251
2020-02-26 11:46:27.515798,1125.19837,40.1919462
2020-02-26 11:46:27.575802,1125.19719,40.1933461
2020-02-26 11:46:27.642806,1125.20139,40.1932724
2020-02-26 11:46:27.703809,1125.19918,40.1943776
2020-02-26 11:46:27.786814,1125.20073,40.1959248
2020-02-26 11:46:27.852818,1125.19837,40.1942302
2020-02-26 11:46:27.912821,1125.19881,40.1911358
2020-02-26 11:46:27.973825,1125.20102,40.1902517
2020-02-26 11:46:28.054829,1125.20014,40.1895149
2020-02-26 11:46:28.117833,1125.20139,40.1898096
2020-02-26 11:46:28.184837,1125.20205,40.1906937
2020-02-26 11:46:28.244840,1125.2005,40.1902517
2020-02-26 11:46:28.326845,1125.20154,40.1898833
2020-02-26 11:46:28.393849,1125.20154,40.1875256
2020-02-26 11:46:28.454852,1125.20183,40.1874519
2020-02-26 11:46:28.514856,1125.19999,40.1889255
2020-02-26 11:46:28.596860,1125.20028,40.1912092
2020-02-26 11:46:28.657864,1125.20198,40.194156
2020-02-26 11:46:28.717867,1125.20242,40.1953345
2020-02-26 11:46:28.777871,1125.20507,40.1943764
2020-02-26 11:46:28.859875,1125.20625,40.1963654
2020-02-26 11:46:28.920879,1125.20338,40.1962178
2020-02-26 11:46:28.987883,1125.20205,40.1968069
2020-02-26 11:46:29.049886,1125.2019,40.1991643
2020-02-26 11:46:29.131891,1125.19947,40.1995324
2020-02-26 11:46:29.197895,1125.19999,40.2001952
2020-02-26 11:46:29.264898,1125.20078,40.2008583
2020-02-26 11:46:29.324902,1125.20268,40.1997531
2020-02-26 11:46:29.406907,1125.20296,40.1993111
2020-02-26 11:46:29.467910,1125.20229,40.2005636
2020-02-26 11:46:29.532914,1125.20347,40.1990164
2020-02-26 11:46:29.598918,1125.20163,40.2017424
2020-02-26 11:46:29.680922,1125.20339,40.2016687
2020-02-26 11:46:29.741926,1125.20465,40.2005636
2020-02-26 11:46:29.805929,1125.2031,40.1997531
2020-02-26 11:46:29.870933,1125.20391,40.1982059
2020-02-26 11:46:29.952938,1125.20236,40.1981322
2020-02-26 11:46:30.013941,1125.20325,40.1976165
2020-02-26 11:46:30.073945,1125.20435,40.1977639
2020-02-26 11:46:30.139949,1125.20413,40.1960693
2020-02-26 11:46:30.227954,1125.20339,40.1940063
2020-02-26 11:46:30.294957,1125.20236,40.1920171
2020-02-26 11:46:30.354961,1125.20384,40.1931222
2020-02-26 11:46:30.415964,1125.20509,40.1954062
2020-02-26 11:46:30.497969,1125.20435,40.1977639
2020-02-26 11:46:30.563973,1125.20443,40.1973955
2020-02-26 11:46:30.623976,1125.20347,40.1970271
2020-02-26 11:46:30.684980,1125.20391,40.1949641
2020-02-26 11:46:30.769985,1125.20767,40.1945958
2020-02-26 11:46:30.829988,1125.20789,40.194301
2020-02-26 11:46:30.896992,1125.20855,40.1955536
2020-02-26 11:46:30.957995,1125.2059,40.1962166
2020-02-26 11:46:31.040000,1125.20384,40.1955536
2020-02-26 11:46:31.100003,1125.20369,40.194301
2020-02-26 11:46:31.161007,1125.2042,40.1931959
2020-02-26 11:46:31.222010,1125.20546,40.19408
2020-02-26 11:46:31.310015,1125.20804,40.1937853
2020-02-26 11:46:31.370019,1125.20848,40.1950378
2020-02-26 11:46:31.431022,1125.20885,40.1946694
2020-02-26 11:46:31.497026,1125.20736,40.1957746
2020-02-26 11:46:31.585031,1125.20735,40.1958473
2020-02-26 11:46:31.649035,1125.20423,40.1962884
2020-02-26 11:46:31.717039,1125.20319,40.1958454
2020-02-26 11:46:31.779042,1125.20105,40.1956971
2020-02-26 11:46:31.867047,1125.20289,40.1951804
2020-02-26 11:46:31.928051,1125.20407,40.1954741
2020-02-26 11:46:31.988054,1125.20481,40.1955468
2020-02-26 11:46:32.049058,1125.20503,40.196209
2020-02-26 11:46:32.136063,1125.20355,40.1970185
2020-02-26 11:46:32.203067,1125.20606,40.1960597
2020-02-26 11:46:32.263070,1125.20842,40.1953966
2020-02-26 11:46:32.329074,1125.20908,40.1942915
2020-02-26 11:46:32.422079,1125.20952,40.1945125
2020-02-26 11:46:32.489083,1125.20783,40.1954703
2020-02-26 11:46:32.555087,1125.20746,40.195765
2020-02-26 11:46:32.622090,1125.20857,40.1959124
2020-02-26 11:46:32.704095,1125.20952,40.1975333
2020-02-26 11:46:32.764099,1125.21011,40.1995962
2020-02-26 11:46:32.825102,1125.211,40.1993015
2020-02-26 11:46:32.891106,1125.21078,40.2006277
2020-02-26 11:46:32.974111,1125.21034,40.2002593
2020-02-26 11:46:33.035114,1125.20938,40.2004803
2020-02-26 11:46:33.101118,1125.20724,40.2014381
2020-02-26 11:46:33.170122,1125.20776,40.2011434
2020-02-26 11:46:33.251126,1125.2065,40.2014381
2020-02-26 11:46:33.312130,1125.20835,40.2023959
2020-02-26 11:46:33.379134,1125.20776,40.2004803
2020-02-26 11:46:33.440137,1125.20864,40.1977543
2020-02-26 11:46:33.527142,1125.20923,40.1986384
2020-02-26 11:46:33.586146,1125.21159,40.1998172
2020-02-26 11:46:33.647149,1125.21166,40.2015118
2020-02-26 11:46:33.714153,1125.21085,40.2015118
2020-02-26 11:46:33.802158,1125.20986,40.2026906
2020-02-26 11:46:33.869162,1125.21003,40.202838
2020-02-26 11:46:33.929165,1125.21313,40.2029853
2020-02-26 11:46:33.990169,1125.21255,40.2023222
2020-02-26 11:46:34.072173,1125.21318,40.203059
2020-02-26 11:46:34.132177,1125.2137,40.2027643
2020-02-26 11:46:34.199181,1125.21267,40.2021012
2020-02-26 11:46:34.258184,1125.2126,40.2018802
2020-02-26 11:46:34.342189,1125.21215,40.2012908
2020-02-26 11:46:34.410193,1125.21002,40.2008487
2020-02-26 11:46:34.470196,1125.20869,40.198491
2020-02-26 11:46:34.535200,1125.20935,40.1981227
2020-02-26 11:46:34.618205,1125.21105,40.1970931
2020-02-26 11:46:34.678208,1125.21083,40.1951058
2020-02-26 11:46:34.744212,1125.21267,40.1936342
2020-02-26 11:46:34.803215,1125.2126,40.1939309
2020-02-26 11:46:34.885220,1125.21274,40.1942276
2020-02-26 11:46:34.951224,1125.21201,40.1939348
2020-02-26 11:46:35.023228,1125.21223,40.1931263
2020-02-26 11:46:35.083231,1125.21348,40.1927599
2020-02-26 11:46:35.166236,1125.21429,40.1922461
2020-02-26 11:46:35.233240,1125.21554,40.192027
2020-02-26 11:46:35.292243,1125.21694,40.1904061
2020-02-26 11:46:35.353247,1125.21856,40.1909956
2020-02-26 11:46:35.435251,1125.21613,40.1916587
2020-02-26 11:46:35.496255,1125.21503,40.1928375
2020-02-26 11:46:35.563259,1125.21429,40.1917323
2020-02-26 11:46:35.623262,1125.21142,40.1912903
2020-02-26 11:46:35.706267,1125.21178,40.1921744
2020-02-26 11:46:35.766270,1125.21252,40.1926165
2020-02-26 11:46:35.827274,1125.21164,40.1933532
2020-02-26 11:46:35.887277,1125.21164,40.1931322
2020-02-26 11:46:35.969282,1125.21355,40.1943847
2020-02-26 11:46:36.029285,1125.21311,40.1937216
2020-02-26 11:46:36.090289,1125.21341,40.1935006
2020-02-26 11:46:36.151292,1125.21583,40.1932795
2020-02-26 11:46:36.233297,1125.21434,40.1929112
2020-02-26 11:46:36.297301,1125.21343,40.1921007
2020-02-26 11:46:36.357304,1125.21335,40.1914376
2020-02-26 11:46:36.418308,1125.2118,40.1921007
2020-02-26 11:46:36.506313,1125.21335,40.1934269
2020-02-26 11:46:36.567316,1125.21504,40.1936479
2020-02-26 11:46:36.632320,1125.21423,40.1944584
2020-02-26 11:46:36.698324,1125.2132,40.1958582
2020-02-26 11:46:36.780328,1125.21298,40.1951951
2020-02-26 11:46:36.840332,1125.21253,40.19409
2020-02-26 11:46:36.901335,1125.21025,40.1934269
2020-02-26 11:46:36.961339,1125.21018,40.1932795
2020-02-26 11:46:37.043343,1125.21084,40.1931322
2020-02-26 11:46:37.104347,1125.21489,40.1927638
2020-02-26 11:46:37.170351,1125.21585,40.1916587
2020-02-26 11:46:37.235354,1125.21644,40.1908482
2020-02-26 11:46:37.323359,1125.21821,40.1898167
2020-02-26 11:46:37.383363,1125.21843,40.1887853
2020-02-26 11:46:37.447366,1125.21946,40.1892273
2020-02-26 11:46:37.513370,1125.21725,40.1894483
2020-02-26 11:46:37.595375,1125.21556,40.1917297
2020-02-26 11:46:37.661379,1125.21276,40.1929059
2020-02-26 11:46:37.722382,1125.21158,40.193419
2020-02-26 11:46:37.783386,1125.21268,40.193048
2020-02-26 11:46:37.865390,1125.21489,40.1920876
2020-02-26 11:46:37.925394,1125.216,40.1934111
2020-02-26 11:46:37.986397,1125.21799,40.1928191
2020-02-26 11:46:38.046401,1125.21858,40.1923007
2020-02-26 11:46:38.128405,1125.21755,40.191856
2020-02-26 11:46:38.191409,1125.21718,40.1925902
2020-02-26 11:46:38.257413,1125.21615,40.1924428
2020-02-26 11:46:38.318416,1125.21452,40.1899378
2020-02-26 11:46:38.401421,1125.21493,40.1903062
2020-02-26 11:46:38.468425,1125.21372,40.1899378
2020-02-26 11:46:38.527428,1125.21605,40.1900115
2020-02-26 11:46:38.587432,1125.21506,40.1898641
2020-02-26 11:46:38.670436,1125.21337,40.1907482
2020-02-26 11:46:38.730440,1125.21469,40.1906009
2020-02-26 11:46:38.791443,1125.21595,40.1919271
2020-02-26 11:46:38.852447,1125.21698,40.1909693
2020-02-26 11:46:38.933451,1125.21713,40.1896431
2020-02-26 11:46:38.994455,1125.21934,40.1903799
2020-02-26 11:46:39.054458,1125.2186,40.1907482
2020-02-26 11:46:39.121462,1125.21705,40.1908956
2020-02-26 11:46:39.203467,1125.21889,40.191706
2020-02-26 11:46:39.264470,1125.21941,40.1903062
2020-02-26 11:46:39.324474,1125.22155,40.1908956
2020-02-26 11:46:39.386477,1125.2228,40.1921481
2020-02-26 11:46:39.473482,1125.22236,40.1915587
2020-02-26 11:46:39.533486,1125.22133,40.1908219
2020-02-26 11:46:39.599490,1125.22066,40.1926638
2020-02-26 11:46:39.662493,1125.22214,40.1919271
2020-02-26 11:46:39.750498,1125.22133,40.1916324
2020-02-26 11:46:39.815502,1125.21934,40.191485
2020-02-26 11:46:39.884506,1125.21816,40.1918534
2020-02-26 11:46:39.946509,1125.21838,40.1931059
2020-02-26 11:46:40.033514,1125.2183,40.1924428
2020-02-26 11:46:40.094518,1125.21948,40.1914113
2020-02-26 11:46:40.155521,1125.22044,40.1913377
2020-02-26 11:46:40.215525,1125.22074,40.1923691
2020-02-26 11:46:40.300530,1125.22147,40.1910429
2020-02-26 11:46:40.361533,1125.22162,40.1928849
2020-02-26 11:46:40.426537,1125.22192,40.1933269
2020-02-26 11:46:40.488540,1125.22088,40.1936953
2020-02-26 11:46:40.576545,1125.22029,40.1923682
2020-02-26 11:46:40.640549,1125.22059,40.1930303
2020-02-26 11:46:40.706553,1125.21984,40.1930293
2020-02-26 11:46:40.771557,1125.21986,40.1929547
2020-02-26 11:46:40.852561,1125.22014,40.191996
2020-02-26 11:46:40.913565,1125.21994,40.1913319
2020-02-26 11:46:40.978568,1125.22267,40.1916257
2020-02-26 11:46:41.050573,1125.22502,40.1896354
2020-02-26 11:46:41.132577,1125.22539,40.1873505
2020-02-26 11:46:41.192581,1125.22311,40.1865391
2020-02-26 11:46:41.253584,1125.22046,40.1877179
2020-02-26 11:46:41.314588,1125.21854,40.1854339
2020-02-26 11:46:41.395592,1125.21662,40.1855813
2020-02-26 11:46:41.456596,1125.21802,40.1859497
2020-02-26 11:46:41.522600,1125.21832,40.1880863
2020-02-26 11:46:41.582603,1125.22031,40.1897809
2020-02-26 11:46:41.664608,1125.2209,40.1903703
2020-02-26 11:46:41.730611,1125.22134,40.1916965
2020-02-26 11:46:41.790615,1125.22156,40.1939068
2020-02-26 11:46:41.850618,1125.22016,40.1939804
2020-02-26 11:46:41.933623,1125.22009,40.1936121
2020-02-26 11:46:41.993626,1125.22237,40.1951593
2020-02-26 11:46:42.054630,1125.22281,40.1956013
2020-02-26 11:46:42.121634,1125.22186,40.1976643
2020-02-26 11:46:42.203639,1125.22362,40.1968538
2020-02-26 11:46:42.263642,1125.22333,40.1959697
2020-02-26 11:46:42.323645,1125.22377,40.1961907
2020-02-26 11:46:42.391649,1125.22407,40.1963381
2020-02-26 11:46:42.472654,1125.22281,40.195233
2020-02-26 11:46:42.532657,1125.22222,40.1965591
2020-02-26 11:46:42.598661,1125.22215,40.1945699
2020-02-26 11:46:42.664665,1125.22222,40.1948646
2020-02-26 11:46:42.746670,1125.21957,40.1933174
2020-02-26 11:46:42.807673,1125.21913,40.1928753
2020-02-26 11:46:42.868677,1125.21817,40.1928016
2020-02-26 11:46:42.928680,1125.22009,40.1923596
2020-02-26 11:46:43.010685,1125.22119,40.1916965
2020-02-26 11:46:43.071688,1125.22252,40.191107
2020-02-26 11:46:43.131692,1125.22343,40.1907387
2020-02-26 11:46:43.193695,1125.22498,40.190665
2020-02-26 11:46:43.274700,1125.22368,40.1941278
2020-02-26 11:46:43.335703,1125.22368,40.1939804
2020-02-26 11:46:43.395707,1125.22501,40.1942752
2020-02-26 11:46:43.457710,1125.22435,40.1926543
2020-02-26 11:46:43.540715,1125.22567,40.1927303
2020-02-26 11:46:43.606719,1125.22626,40.1903013
2020-02-26 11:46:43.672723,1125.22619,40.1916298
2020-02-26 11:46:43.744727,1125.22516,40.1915585
2020-02-26 11:46:43.825731,1125.2253,40.1917819
2020-02-26 11:46:43.887735,1125.22486,40.1923736
2020-02-26 11:46:43.954739,1125.22331,40.1917866
2020-02-26 11:46:44.015742,1125.22287,40.1919363
2020-02-26 11:46:44.097747,1125.22361,40.1924543
2020-02-26 11:46:44.157750,1125.22073,40.1931198
2020-02-26 11:46:44.218754,1125.22376,40.1937092
2020-02-26 11:46:44.284758,1125.22405,40.1970983
2020-02-26 11:46:44.365762,1125.22412,40.1945933
2020-02-26 11:46:44.432766,1125.22471,40.1947407
2020-02-26 11:46:44.495770,1125.22449,40.194888
2020-02-26 11:46:44.567774,1125.22523,40.1940039
2020-02-26 11:46:44.660779,1125.22471,40.1923093
2020-02-26 11:46:44.727783,1125.22634,40.1914252
2020-02-26 11:46:44.796787,1125.22405,40.1897306
2020-02-26 11:46:44.859790,1125.22611,40.187815
2020-02-26 11:46:44.946795,1125.22523,40.1874467
2020-02-26 11:46:45.013799,1125.22272,40.1876677
2020-02-26 11:46:45.074803,1125.22449,40.189878
2020-02-26 11:46:45.141807,1125.22272,40.1899517
2020-02-26 11:46:45.222811,1125.22324,40.1908358
2020-02-26 11:46:45.283815,1125.2242,40.1912042
2020-02-26 11:46:45.350819,1125.22467,40.1914989
2020-02-26 11:46:45.416822,1125.22408,40.1918673
2020-02-26 11:46:45.498827,1125.2275,40.1931198
2020-02-26 11:46:45.558830,1125.22896,40.1947407
2020-02-26 11:46:45.624834,1125.22778,40.1961405
2020-02-26 11:46:45.695838,1125.22837,40.1957721
2020-02-26 11:46:45.777843,1125.22741,40.1937092
2020-02-26 11:46:45.837846,1125.22778,40.1951091
2020-02-26 11:46:45.897850,1125.22815,40.1947407
2020-02-26 11:46:45.957853,1125.22977,40.1947407
2020-02-26 11:46:46.040858,1125.22881,40.1936355
2020-02-26 11:46:46.100861,1125.22793,40.1924567
2020-02-26 11:46:46.161865,1125.22689,40.1927514
2020-02-26 11:46:46.221868,1125.22726,40.1948143
2020-02-26 11:46:46.303873,1125.22984,40.1917936
2020-02-26 11:46:46.365877,1125.22984,40.1914252
2020-02-26 11:46:46.430880,1125.22955,40.1930461
2020-02-26 11:46:46.496884,1125.23021,40.1923093
2020-02-26 11:46:46.580889,1125.22859,40.1932639
2020-02-26 11:46:46.645893,1125.22726,40.1923766
2020-02-26 11:46:46.712896,1125.22844,40.194289
2020-02-26 11:46:46.773900,1125.22984,40.1969382
2020-02-26 11:46:46.856905,1125.23073,40.1963456
2020-02-26 11:46:46.916908,1125.23279,40.1944268
2020-02-26 11:46:46.977912,1125.23139,40.1961182
2020-02-26 11:46:47.037915,1125.23028,40.1968517
2020-02-26 11:46:47.120920,1125.22756,40.195154
2020-02-26 11:46:47.196924,1125.22675,40.1961822
2020-02-26 11:46:47.250927,1125.22645,40.1944877
2020-02-26 11:46:47.320931,1125.22623,40.1952244
2020-02-26 11:46:47.403936,1125.228,40.1950034
2020-02-26 11:46:47.463939,1125.22653,40.1940456
2020-02-26 11:46:47.530943,1125.22969,40.194414
2020-02-26 11:46:47.591947,1125.23051,40.1956665
2020-02-26 11:46:47.673951,1125.23213,40.1955928
2020-02-26 11:46:47.740955,1125.23223,40.1947087
2020-02-26 11:46:47.799959,1125.23107,40.1953718
2020-02-26 11:46:47.860962,1125.22942,40.1933088
2020-02-26 11:46:47.950967,1125.22769,40.1955928
2020-02-26 11:46:48.015971,1125.22857,40.1952981
2020-02-26 11:46:48.095976,1125.2302,40.1945613
2020-02-26 11:46:48.143978,1125.23034,40.1933088
2020-02-26 11:46:48.224983,1125.22983,40.1937509
2020-02-26 11:46:48.285986,1125.22902,40.1934562
2020-02-26 11:46:48.349990,1125.22703,40.1928668
2020-02-26 11:46:48.416994,1125.22629,40.1927931
2020-02-26 11:46:48.497999,1125.22953,40.1930878
2020-02-26 11:46:48.559002,1125.23211,40.1926458
2020-02-26 11:46:48.619005,1125.23211,40.1901407
2020-02-26 11:46:48.679009,1125.23211,40.189625
2020-02-26 11:46:48.761014,1125.23167,40.1902881
2020-02-26 11:46:48.821017,1125.2285,40.1931615
2020-02-26 11:46:48.881020,1125.22857,40.1927194
2020-02-26 11:46:48.944024,1125.23071,40.1920563
2020-02-26 11:46:49.026029,1125.23042,40.1932352
2020-02-26 11:46:49.086032,1125.23263,40.1931615
2020-02-26 11:46:49.146036,1125.23226,40.1935299
2020-02-26 11:46:49.209039,1125.2299,40.1948561
2020-02-26 11:46:49.297044,1125.23093,40.1951508
2020-02-26 11:46:49.363048,1125.23145,40.1958139
2020-02-26 11:46:49.429052,1125.23307,40.196919
2020-02-26 11:46:49.491055,1125.23204,40.194414
2020-02-26 11:46:49.580060,1125.2313,40.1959605
2020-02-26 11:46:49.640064,1125.22975,40.194339
2020-02-26 11:46:49.700067,1125.22857,40.1933805
2020-02-26 11:46:49.761071,1125.22916,40.1929378
2020-02-26 11:46:49.846076,1125.23056,40.1923477
2020-02-26 11:46:49.906079,1125.23292,40.1908735
2020-02-26 11:46:49.968083,1125.23307,40.1910938
2020-02-26 11:46:50.034086,1125.23332,40.1907984
2020-02-26 11:46:50.122091,1125.23445,40.1899873
2020-02-26 11:46:50.187095,1125.23383,40.1905761
2020-02-26 11:46:50.255099,1125.23441,40.1905024
2020-02-26 11:46:50.317103,1125.23294,40.1917549
2020-02-26 11:46:50.405108,1125.23102,40.189913
2020-02-26 11:46:50.465111,1125.23028,40.1893972
2020-02-26 11:46:50.526115,1125.23139,40.1904287
2020-02-26 11:46:50.592118,1125.23095,40.1916075
2020-02-26 11:46:50.675123,1125.23205,40.1905761
2020-02-26 11:46:50.736127,1125.23183,40.1911655
2020-02-26 11:46:50.797130,1125.23176,40.1913128
2020-02-26 11:46:50.861134,1125.23154,40.1896183
2020-02-26 11:46:50.949139,1125.23242,40.1885868
2020-02-26 11:46:51.014142,1125.22881,40.189913
2020-02-26 11:46:51.088147,1125.23139,40.1921233
2020-02-26 11:46:51.139150,1125.2319,40.1930811
2020-02-26 11:46:51.220154,1125.23257,40.1931547
2020-02-26 11:46:51.280158,1125.23603,40.1936705
2020-02-26 11:46:51.347161,1125.23434,40.1955124
2020-02-26 11:46:51.408165,1125.23588,40.194923
2020-02-26 11:46:51.494170,1125.23382,40.1952177
2020-02-26 11:46:51.554173,1125.23279,40.1969859
2020-02-26 11:46:51.617177,1125.23345,40.1980911
2020-02-26 11:46:51.683181,1125.23279,40.1971333
2020-02-26 11:46:51.771186,1125.23397,40.1960281
2020-02-26 11:46:51.837190,1125.23294,40.1950703
2020-02-26 11:46:51.905193,1125.23227,40.1948493
2020-02-26 11:46:51.967197,1125.23316,40.1946283
2020-02-26 11:46:52.054202,1125.23412,40.1932284
2020-02-26 11:46:52.115205,1125.23493,40.1919022
2020-02-26 11:46:52.180209,1125.23419,40.1921233
2020-02-26 11:46:52.249213,1125.2378,40.192197
2020-02-26 11:46:52.330218,1125.23622,40.1918286
2020-02-26 11:46:52.391221,1125.23431,40.1923443
2020-02-26 11:46:52.451225,1125.23512,40.1944073
2020-02-26 11:46:52.515228,1125.23244,40.1943336
2020-02-26 11:46:52.603233,1125.23413,40.1927857
2020-02-26 11:46:52.667237,1125.23318,40.192785
2020-02-26 11:46:52.732241,1125.23509,40.1942579
2020-02-26 11:46:52.798244,1125.23524,40.1949203
2020-02-26 11:46:52.879249,1125.23524,40.1947723
2020-02-26 11:46:52.940253,1125.23465,40.19514
2020-02-26 11:46:53.007256,1125.23465,40.1926343
2020-02-26 11:46:53.068260,1125.23443,40.1927073
2020-02-26 11:46:53.153265,1125.23752,40.1926329
2020-02-26 11:46:53.214268,1125.23922,40.1946952
2020-02-26 11:46:53.274272,1125.23782,40.1966108
2020-02-26 11:46:53.341276,1125.23649,40.1963161
2020-02-26 11:46:53.422280,1125.23487,40.1960214
2020-02-26 11:46:53.485284,1125.23436,40.1963898
2020-02-26 11:46:53.551288,1125.23775,40.1958741
2020-02-26 11:46:53.610291,1125.23745,40.1944742
2020-02-26 11:46:53.692296,1125.23841,40.1957267
2020-02-26 11:46:53.758299,1125.24003,40.1939585
2020-02-26 11:46:53.817303,1125.23863,40.1930743
2020-02-26 11:46:53.883307,1125.23892,40.1916745
2020-02-26 11:46:53.971312,1125.23892,40.1900536
2020-02-26 11:46:54.031315,1125.23819,40.1890958
2020-02-26 11:46:54.092319,1125.23885,40.188138
2020-02-26 11:46:54.153322,1125.2401,40.1903483
2020-02-26 11:46:54.234327,1125.23988,40.1892431
2020-02-26 11:46:54.295330,1125.23885,40.1890221
2020-02-26 11:46:54.355334,1125.23804,40.1894642
2020-02-26 11:46:54.419337,1125.2387,40.1899062
2020-02-26 11:46:54.507342,1125.23996,40.1899799
2020-02-26 11:46:54.571346,1125.24128,40.1903483
2020-02-26 11:46:54.637350,1125.24409,40.1919692
2020-02-26 11:46:54.701353,1125.24351,40.1930007
2020-02-26 11:46:54.791358,1125.23936,40.1935901
2020-02-26 11:46:54.851362,1125.23912,40.1910851
2020-02-26 11:46:54.917366,1125.23625,40.1903483
2020-02-26 11:46:54.984370,1125.23684,40.1915271
2020-02-26 11:46:55.065374,1125.23706,40.1932217
2020-02-26 11:46:55.126378,1125.23875,40.1930007
2020-02-26 11:46:55.186381,1125.23993,40.1922639
2020-02-26 11:46:55.246385,1125.24008,40.1920429
2020-02-26 11:46:55.328389,1125.23956,40.1911587
2020-02-26 11:46:55.389393,1125.24104,40.190422
2020-02-26 11:46:55.450396,1125.24126,40.1919692
2020-02-26 11:46:55.514400,1125.24082,40.1918218
2020-02-26 11:46:55.602405,1125.24119,40.1933684
2020-02-26 11:46:55.663408,1125.2403,40.1927046
2020-02-26 11:46:55.729412,1125.23868,40.1924829
2020-02-26 11:46:55.795416,1125.2406,40.1946188
2020-02-26 11:46:55.876421,1125.2403,40.1963127
2020-02-26 11:46:55.937424,1125.24222,40.1963857
2020-02-26 11:46:55.997427,1125.24074,40.1971218
2020-02-26 11:46:56.061431,1125.23934,40.1969001
2020-02-26 11:46:56.149436,1125.23868,40.195868
2020-02-26 11:46:56.214440,1125.24155,40.1973408
2020-02-26 11:46:56.274443,1125.24251,40.1982986
2020-02-26 11:46:56.334447,1125.24332,40.1989617
2020-02-26 11:46:56.416451,1125.24384,40.1969725
2020-02-26 11:46:56.477455,1125.2417,40.1965304
2020-02-26 11:46:56.544459,1125.24148,40.1951305
2020-02-26 11:46:56.604462,1125.24229,40.19572
2020-02-26 11:46:56.685467,1125.24141,40.1949832
2020-02-26 11:46:56.751471,1125.24244,40.1953516
2020-02-26 11:46:56.812474,1125.24192,40.1944675
2020-02-26 11:46:56.873478,1125.24155,40.1921835
2020-02-26 11:46:56.960483,1125.23985,40.1925519
2020-02-26 11:46:57.020486,1125.23981,40.1915204
2020-02-26 11:46:57.081489,1125.23984,40.1915204
2020-02-26 11:46:57.141493,1125.24009,40.1914467
2020-02-26 11:46:57.229498,1125.24105,40.1914467
2020-02-26 11:46:57.296502,1125.24355,40.1905626
2020-02-26 11:46:57.356505,1125.24525,40.1916677
2020-02-26 11:46:57.417509,1125.2451,40.1921835
2020-02-26 11:46:57.505514,1125.24392,40.1926255
2020-02-26 11:46:57.571517,1125.24466,40.1947622
2020-02-26 11:46:57.643522,1125.24444,40.1937307
2020-02-26 11:46:57.703525,1125.24326,40.1947622
2020-02-26 11:46:57.787530,1125.24348,40.196162
2020-02-26 11:46:57.848533,1125.24164,40.1951305
2020-02-26 11:46:57.908537,1125.24193,40.1971935
2020-02-26 11:46:57.968540,1125.24378,40.1980776
2020-02-26 11:46:58.052545,1125.24525,40.1975619
2020-02-26 11:46:58.112548,1125.24333,40.1982986
2020-02-26 11:46:58.174552,1125.24407,40.1973408
2020-02-26 11:46:58.240556,1125.24444,40.1966778
2020-02-26 11:46:58.321560,1125.24496,40.1965304
2020-02-26 11:46:58.381564,1125.24746,40.1969725
2020-02-26 11:46:58.447568,1125.24562,40.1952779
2020-02-26 11:46:58.519572,1125.24496,40.196162
2020-02-26 11:46:58.601576,1125.24392,40.1949825
2020-02-26 11:46:58.666580,1125.24348,40.1947608
2020-02-26 11:46:58.727584,1125.24466,40.1931392
2020-02-26 11:46:58.793587,1125.24569,40.1929912
2020-02-26 11:46:58.874592,1125.24628,40.1945378
2020-02-26 11:46:58.935596,1125.24577,40.193874
2020-02-26 11:46:59.001599,1125.24532,40.193726
2020-02-26 11:46:59.061603,1125.24451,40.1920307
2020-02-26 11:46:59.142607,1125.24613,40.1947561
2020-02-26 11:46:59.203611,1125.24584,40.1931345
2020-02-26 11:46:59.267615,1125.24851,40.1917347
2020-02-26 11:46:59.334618,1125.24938,40.19144
2020-02-26 11:46:59.415623,1125.24778,40.1926925
2020-02-26 11:46:59.476626,1125.24748,40.1918083
2020-02-26 11:46:59.537630,1125.24556,40.1913663
2020-02-26 11:46:59.598633,1125.24556,40.1919557
2020-02-26 11:46:59.686638,1125.24711,40.1917347
2020-02-26 11:46:59.753642,1125.2463,40.1926925
2020-02-26 11:46:59.814646,1125.24836,40.1909979
2020-02-26 11:46:59.878649,1125.2488,40.1919557
2020-02-26 11:46:59.959654,1125.24888,40.1923978
2020-02-26 11:47:00.026658,1125.2491,40.1937239
2020-02-26 11:47:00.140664,1125.24991,40.1932819
2020-02-26 11:47:00.185667,1125.24821,40.194387
2020-02-26 11:47:00.242670,1125.24674,40.1936503
2020-02-26 11:47:00.311674,1125.2463,40.193945
2020-02-26 11:47:00.372678,1125.24011,40.1954185
2020-02-26 11:47:00.436681,1125.23399,40.1961553
2020-02-26 11:47:00.524686,1125.23163,40.1957869
2020-02-26 11:47:00.591690,1125.22036,40.1954185
2020-02-26 11:47:00.650694,1125.21859,40.1954922
2020-02-26 11:47:00.717697,1125.21409,40.1945344
2020-02-26 11:47:00.798702,1125.21313,40.1947554
2020-02-26 11:47:00.865706,1125.2166,40.1931345
2020-02-26 11:47:00.925709,1125.21962,40.1919557
2020-02-26 11:47:00.990713,1125.22551,40.1921031
2020-02-26 11:47:01.075718,1125.23178,40.1896717
2020-02-26 11:47:01.140722,1125.23524,40.1890086
2020-02-26 11:47:01.201725,1125.23878,40.1893033
2020-02-26 11:47:01.268729,1125.24055,40.1895244
2020-02-26 11:47:01.355734,1125.2432,40.1895244
2020-02-26 11:47:01.415737,1125.24423,40.1909242
2020-02-26 11:47:01.476741,1125.24475,40.1906295
2020-02-26 11:47:01.541745,1125.24512,40.1915873
2020-02-26 11:47:01.624749,1125.24298,40.1927635
2020-02-26 11:47:01.684753,1125.24247,40.1925399
2020-02-26 11:47:01.744756,1125.24154,40.1929793
2020-02-26 11:47:01.810760,1125.24156,40.1940081
2020-02-26 11:47:01.892765,1125.24304,40.1945949
2020-02-26 11:47:01.958768,1125.24451,40.1937818
2020-02-26 11:47:02.023772,1125.24797,40.1946633
2020-02-26 11:47:02.089776,1125.24864,40.1932609
2020-02-26 11:47:02.171781,1125.24834,40.1938476
2020-02-26 11:47:02.231784,1125.24908,40.1946555
2020-02-26 11:47:02.291787,1125.24812,40.1946555
2020-02-26 11:47:02.352791,1125.24753,40.1943607
2020-02-26 11:47:02.436796,1125.25041,40.193845
2020-02-26 11:47:02.501799,1125.25173,40.1919294
2020-02-26 11:47:02.568803,1125.25144,40.1920768
2020-02-26 11:47:02.629807,1125.25365,40.1926662
2020-02-26 11:47:02.717812,1125.25033,40.1933293
2020-02-26 11:47:02.782816,1125.25114,40.1933293
2020-02-26 11:47:02.847819,1125.251,40.1934766
2020-02-26 11:47:02.912823,1125.25018,40.191561
2020-02-26 11:47:02.995828,1125.24724,40.1927399
2020-02-26 11:47:03.062832,1125.24436,40.1934766
2020-02-26 11:47:03.122835,1125.24414,40.1935503
2020-02-26 11:47:03.187839,1125.24547,40.1953185
2020-02-26 11:47:03.268843,1125.24753,40.1950975
2020-02-26 11:47:03.329847,1125.24974,40.1955396
2020-02-26 11:47:03.389850,1125.25004,40.1948028
2020-02-26 11:47:03.455854,1125.25033,40.1947291
2020-02-26 11:47:03.537859,1125.25011,40.194066
2020-02-26 11:47:03.597862,1125.24974,40.1950975
2020-02-26 11:47:03.658866,1125.24842,40.1935503
2020-02-26 11:47:03.718869,1125.24731,40.1934766
2020-02-26 11:47:03.800874,1125.24783,40.1945081
2020-02-26 11:47:03.864877,1125.24768,40.1937713
2020-02-26 11:47:03.924881,1125.24885,40.1930346
2020-02-26 11:47:03.991885,1125.24857,40.1942134
2020-02-26 11:47:04.073889,1125.24925,40.1945081
2020-02-26 11:47:04.134893,1125.2516,40.1935503
2020-02-26 11:47:04.195896,1125.25285,40.1950238
2020-02-26 11:47:04.255900,1125.25175,40.1951712
2020-02-26 11:47:04.340905,1125.25079,40.1957606
2020-02-26 11:47:04.401908,1125.25108,40.1939187
2020-02-26 11:47:04.462912,1125.25042,40.1945818
2020-02-26 11:47:04.527915,1125.2516,40.1952449
2020-02-26 11:47:04.621921,1125.25447,40.1947278
2020-02-26 11:47:04.682924,1125.25462,40.1950948
2020-02-26 11:47:04.746928,1125.25307,40.1949461
2020-02-26 11:47:04.812932,1125.25175,40.1961973
2020-02-26 11:47:04.894936,1125.25131,40.196859
2020-02-26 11:47:04.954940,1125.25226,40.1970787
2020-02-26 11:47:05.019944,1125.25366,40.1978141
2020-02-26 11:47:05.085947,1125.2533,40.1997284
2020-02-26 11:47:05.167952,1125.25263,40.199948
2020-02-26 11:47:05.227955,1125.25278,40.1995046
2020-02-26 11:47:05.293959,1125.25543,40.2011992
2020-02-26 11:47:05.393965,1125.25683,40.1987679
2020-02-26 11:47:05.451968,1125.25757,40.197589
2020-02-26 11:47:05.518972,1125.25801,40.1984732
2020-02-26 11:47:05.579976,1125.2575,40.1964102
2020-02-26 11:47:05.641979,1125.26008,40.1944209
2020-02-26 11:47:05.728984,1125.26332,40.1944946
2020-02-26 11:47:05.789988,1125.26479,40.1945683
2020-02-26 11:47:05.849991,1125.26796,40.1941999
2020-02-26 11:47:05.916995,1125.26929,40.1928737
2020-02-26 11:47:06.001000,1125.26929,40.1908108
2020-02-26 11:47:06.061003,1125.27076,40.1914739
2020-02-26 11:47:06.128007,1125.26855,40.1904424
2020-02-26 11:47:06.188010,1125.26836,40.189853
2020-02-26 11:47:06.271015,1125.26561,40.1911792
2020-02-26 11:47:06.332019,1125.26357,40.1930948
2020-02-26 11:47:06.398022,1125.26212,40.1942736
2020-02-26 11:47:06.459026,1125.26112,40.194863
2020-02-26 11:47:06.542031,1125.25957,40.195084
2020-02-26 11:47:06.602034,1125.25618,40.1956734
2020-02-26 11:47:06.663038,1125.25508,40.1969996
2020-02-26 11:47:06.724041,1125.25139,40.1972207
2020-02-26 11:47:06.809046,1125.24918,40.2000204
2020-02-26 11:47:06.869049,1125.24255,40.1978101
2020-02-26 11:47:06.936053,1125.24004,40.1976627
2020-02-26 11:47:06.997057,1125.23938,40.1982521
2020-02-26 11:47:07.078061,1125.24049,40.1963365
2020-02-26 11:47:07.139065,1125.23746,40.1932421
2020-02-26 11:47:07.199068,1125.23636,40.1915476
2020-02-26 11:47:07.286073,1125.23171,40.1908845
2020-02-26 11:47:07.352077,1125.22914,40.1905161
2020-02-26 11:47:07.412080,1125.22855,40.1906634
2020-02-26 11:47:07.472084,1125.22943,40.1907371
2020-02-26 11:47:07.539088,1125.22737,40.192358
2020-02-26 11:47:07.621092,1125.22457,40.1914025
2020-02-26 11:47:07.681096,1125.22353,40.1903734
2020-02-26 11:47:07.741099,1125.22213,40.18986
2020-02-26 11:47:07.802103,1125.2214,40.1911149
2020-02-26 11:47:07.886107,1125.2211,40.1944327
2020-02-26 11:47:07.950111,1125.22007,40.1950244
2020-02-26 11:47:08.017115,1125.2155,40.1951741
2020-02-26 11:47:08.079118,1125.21432,40.1956922
2020-02-26 11:47:08.167124,1125.21344,40.1938526
2020-02-26 11:47:08.232127,1125.21196,40.1948865
2020-02-26 11:47:08.298131,1125.21071,40.1942234
2020-02-26 11:47:08.359135,1125.20769,40.1931182
2020-02-26 11:47:08.444139,1125.2012,40.1941497
2020-02-26 11:47:08.511143,1125.19738,40.1944444
2020-02-26 11:47:08.574147,1125.19426,40.1937076
2020-02-26 11:47:08.635150,1125.18894,40.1946654
2020-02-26 11:47:08.716155,1125.18917,40.1953285
2020-02-26 11:47:08.777158,1125.18799,40.1952548
2020-02-26 11:47:08.843162,1125.18548,40.1964337
2020-02-26 11:47:08.915166,1125.18497,40.1958443
2020-02-26 11:47:08.997171,1125.17922,40.1962863
2020-02-26 11:47:09.057174,1125.17494,40.1973915
2020-02-26 11:47:09.118178,1125.17288,40.1955495
2020-02-26 11:47:09.179181,1125.16824,40.1974651
2020-02-26 11:47:09.261186,1125.16654,40.1956969
2020-02-26 11:47:09.321190,1125.165,40.1947391
2020-02-26 11:47:09.384193,1125.16131,40.194297
2020-02-26 11:47:09.455197,1125.15939,40.193634
2020-02-26 11:47:09.543202,1125.15298,40.1933392
2020-02-26 11:47:09.603206,1125.14959,40.191571
2020-02-26 11:47:09.666209,1125.14465,40.1902448
2020-02-26 11:47:09.733213,1125.14296,40.1898028
2020-02-26 11:47:09.817218,1125.13898,40.1907606
2020-02-26 11:47:09.877221,1125.13552,40.189066
2020-02-26 11:47:09.942225,1125.13168,40.1898028
2020-02-26 11:47:10.009229,1125.12645,40.1897291
2020-02-26 11:47:10.093234,1125.12122,40.1891397
2020-02-26 11:47:10.157237,1125.11554,40.1894344
2020-02-26 11:47:10.224241,1125.11584,40.1889186
2020-02-26 11:47:10.284245,1125.11002,40.189066
2020-02-26 11:47:10.367249,1125.10581,40.1895081
2020-02-26 11:47:10.433253,1125.09837,40.1895081
2020-02-26 11:47:10.493257,1125.09461,40.1886976
2020-02-26 11:47:10.559260,1125.09196,40.1886976
2020-02-26 11:47:10.641265,1125.08761,40.1880338
2020-02-26 11:47:10.701268,1125.08319,40.1875911
2020-02-26 11:47:10.767272,1125.08012,40.1876641
2020-02-26 11:47:10.827276,1125.07532,40.1881792
2020-02-26 11:47:10.911280,1125.06878,40.1893573
2020-02-26 11:47:10.977284,1125.0615,40.1889883
2020-02-26 11:47:11.037288,1125.05807,40.1897244
2020-02-26 11:47:11.098291,1125.05321,40.1887659
2020-02-26 11:47:11.180296,1125.05092,40.1886179
2020-02-26 11:47:11.241299,1125.04495,40.1887645
2020-02-26 11:47:11.307303,1125.03854,40.1880278
2020-02-26 11:47:11.367307,1125.03522,40.1888382
2020-02-26 11:47:11.449311,1125.03147,40.1878068
2020-02-26 11:47:11.516315,1125.0252,40.1861122
2020-02-26 11:47:11.576319,1125.01997,40.1837545
2020-02-26 11:47:11.637322,1125.01621,40.1853017
2020-02-26 11:47:11.719327,1125.00958,40.184565
2020-02-26 11:47:11.780330,1125.00199,40.1843439
2020-02-26 11:47:11.841334,1125.0,40.1847123
2020-02-26 11:47:11.908338,1124.99322,40.1839019
2020-02-26 11:47:11.989342,1124.98636,40.1844913
2020-02-26 11:47:12.050346,1124.97929,40.1848597
2020-02-26 11:47:12.110349,1124.97391,40.1846387
2020-02-26 11:47:12.170353,1124.97074,40.1848597
2020-02-26 11:47:12.252357,1124.96838,40.1844913
2020-02-26 11:47:12.313361,1124.96212,40.1839756
2020-02-26 11:47:12.377364,1124.95482,40.1837545
2020-02-26 11:47:12.443368,1124.94951,40.1844913
2020-02-26 11:47:12.524373,1124.9445,40.1844913
2020-02-26 11:47:12.585376,1124.93529,40.1833861
2020-02-26 11:47:12.646380,1124.93006,40.1821336
2020-02-26 11:47:12.706383,1124.9263,40.179555
2020-02-26 11:47:12.788388,1124.91709,40.1797023
2020-02-26 11:47:12.849391,1124.91215,40.1791129
2020-02-26 11:47:12.912395,1124.9103,40.179776
2020-02-26 11:47:12.979399,1124.90109,40.1786708
2020-02-26 11:47:13.064404,1124.8949,40.1785235
2020-02-26 11:47:13.125407,1124.88922,40.1794076
2020-02-26 11:47:13.190411,1124.88478,40.179776
2020-02-26 11:47:13.256415,1124.87758,40.1802917
2020-02-26 11:47:13.337419,1124.87256,40.1802917
2020-02-26 11:47:13.399423,1124.86337,40.1824284
2020-02-26 11:47:13.465427,1124.85571,40.1835335
2020-02-26 11:47:13.532430,1124.85254,40.1841966
2020-02-26 11:47:13.614435,1124.84318,40.1839015
2020-02-26 11:47:13.674439,1124.83485,40.1828696
2020-02-26 11:47:13.740442,1124.82468,40.1830166
2020-02-26 11:47:13.807446,1124.81871,40.179185
2020-02-26 11:47:13.889451,1124.81097,40.1802161
2020-02-26 11:47:13.949454,1124.80567,40.180142
2020-02-26 11:47:14.015458,1124.80235,40.1794049
2020-02-26 11:47:14.087462,1124.79351,40.178152
2020-02-26 11:47:14.171467,1124.78864,40.1768254
2020-02-26 11:47:14.238471,1124.77619,40.1758672
2020-02-26 11:47:14.299474,1124.77243,40.173878
2020-02-26 11:47:14.363478,1124.76698,40.1734359
2020-02-26 11:47:14.445483,1124.75725,40.1713729
2020-02-26 11:47:14.506486,1124.7498,40.1748357
2020-02-26 11:47:14.572490,1124.74332,40.1725518
2020-02-26 11:47:14.632493,1124.73683,40.1712256
2020-02-26 11:47:14.715498,1124.72814,40.1728465
2020-02-26 11:47:14.781502,1124.71944,40.1706362
2020-02-26 11:47:14.841505,1124.7131,40.1698994
2020-02-26 11:47:14.902509,1124.70669,40.1696047
2020-02-26 11:47:14.984513,1124.70079,40.1707835
2020-02-26 11:47:15.051517,1124.69217,40.1717413
2020-02-26 11:47:15.111521,1124.68672,40.173878
2020-02-26 11:47:15.172524,1124.67964,40.1728465
2020-02-26 11:47:15.262529,1124.67677,40.1729202
2020-02-26 11:47:15.329533,1124.66092,40.17432
2020-02-26 11:47:15.388537,1124.65606,40.1733622
2020-02-26 11:47:15.454540,1124.64885,40.1761619
2020-02-26 11:47:15.535545,1124.64005,40.1765303
2020-02-26 11:47:15.596548,1124.63148,40.1771197
2020-02-26 11:47:15.656552,1124.62471,40.1769724
2020-02-26 11:47:15.716555,1124.6197,40.1762356
2020-02-26 11:47:15.798560,1124.61093,40.17432
2020-02-26 11:47:15.862564,1124.60489,40.1747621
2020-02-26 11:47:15.928567,1124.59715,40.173878
2020-02-26 11:47:15.989571,1124.58831,40.1732885
2020-02-26 11:47:16.072576,1124.58226,40.1721097
2020-02-26 11:47:16.132579,1124.57158,40.169089
2020-02-26 11:47:16.192583,1124.56229,40.1663629
2020-02-26 11:47:16.258586,1124.55794,40.1656262
2020-02-26 11:47:16.340591,1124.54784,40.1669523
2020-02-26 11:47:16.401595,1124.53944,40.1665103
2020-02-26 11:47:16.461598,1124.53207,40.1682785
2020-02-26 11:47:16.527602,1124.5261,40.1674681
2020-02-26 11:47:16.609606,1124.51829,40.1676911
2020-02-26 11:47:16.669610,1124.50687,40.165409
2020-02-26 11:47:16.729613,1124.50119,40.1660741
2020-02-26 11:47:16.795617,1124.49397,40.1673285
2020-02-26 11:47:16.877622,1124.48343,40.1711617
2020-02-26 11:47:16.937625,1124.47695,40.1718267
2020-02-26 11:47:17.003629,1124.46582,40.1704288
2020-02-26 11:47:17.075633,1124.45867,40.1716096
2020-02-26 11:47:17.157638,1124.44879,40.1696223
2020-02-26 11:47:17.218641,1124.43884,40.1691822
2020-02-26 11:47:17.278645,1124.43118,40.1691085
2020-02-26 11:47:17.338648,1124.42956,40.1713188
2020-02-26 11:47:17.420653,1124.41917,40.1716135
2020-02-26 11:47:17.480656,1124.40981,40.1712451
2020-02-26 11:47:17.541660,1124.4031,40.1698453
2020-02-26 11:47:17.608664,1124.39595,40.1691822
2020-02-26 11:47:17.690668,1124.39094,40.1674876
2020-02-26 11:47:17.750672,1124.37782,40.1670456
2020-02-26 11:47:17.815675,1124.37514,40.1681507
2020-02-26 11:47:17.881679,1124.36443,40.167635
2020-02-26 11:47:17.963684,1124.35357,40.165793
2020-02-26 11:47:18.023687,1124.34353,40.1654983
2020-02-26 11:47:18.090691,1124.33269,40.1646142
2020-02-26 11:47:18.150695,1124.32687,40.1638038
2020-02-26 11:47:18.233699,1124.32016,40.1614461
2020-02-26 11:47:18.293703,1124.30933,40.1604883
2020-02-26 11:47:18.353706,1124.30004,40.1610777
2020-02-26 11:47:18.414710,1124.29658,40.1615198
2020-02-26 11:47:18.498714,1124.28788,40.1601936
2020-02-26 11:47:18.558718,1124.27779,40.1593095
2020-02-26 11:47:18.619721,1124.2716,40.1600463
2020-02-26 11:47:18.688725,1124.26356,40.1592358
2020-02-26 11:47:18.770730,1124.25376,40.1599726
2020-02-26 11:47:18.837734,1124.24374,40.1610777
2020-02-26 11:47:18.897737,1124.23755,40.1625513
2020-02-26 11:47:18.964741,1124.22811,40.1634354
2020-02-26 11:47:19.045746,1124.21765,40.1646142
2020-02-26 11:47:19.111750,1124.21116,40.1626249
2020-02-26 11:47:19.176753,1124.19532,40.1640248
2020-02-26 11:47:19.236757,1124.18898,40.1643932
2020-02-26 11:47:19.317761,1124.18559,40.1640985
2020-02-26 11:47:19.378765,1124.17402,40.1646142
2020-02-26 11:47:19.439768,1124.16591,40.1629197
2020-02-26 11:47:19.506772,1124.16171,40.1618882
2020-02-26 11:47:19.587777,1124.15021,40.162401
2020-02-26 11:47:19.648780,1124.14093,40.1600404
2020-02-26 11:47:19.713784,1124.13135,40.1600375
2020-02-26 11:47:19.780788,1124.12678,40.1602557
2020-02-26 11:47:19.862792,1124.11757,40.1584108
2020-02-26 11:47:19.922796,1124.10924,40.1581132
2020-02-26 11:47:19.983799,1124.09848,40.1576682
2020-02-26 11:47:20.043803,1124.08757,40.1572969
2020-02-26 11:47:20.125808,1124.08366,40.1581045
2020-02-26 11:47:20.186811,1124.06923,40.1578069
2020-02-26 11:47:20.247815,1124.06216,40.1579542
2020-02-26 11:47:20.308818,1124.0556,40.1600908
2020-02-26 11:47:20.395823,1124.04425,40.158912
2020-02-26 11:47:20.462827,1124.0304,40.1603119
2020-02-26 11:47:20.522830,1124.02465,40.1608276
2020-02-26 11:47:20.589834,1124.01765,40.1589857
2020-02-26 11:47:20.671839,1124.01183,40.1607539
2020-02-26 11:47:20.734842,1124.00232,40.1589857
2020-02-26 11:47:20.795846,1123.99488,40.1581016
2020-02-26 11:47:20.857849,1123.98006,40.1581016
2020-02-26 11:47:20.945854,1123.97262,40.1588383
2020-02-26 11:47:21.012858,1123.9626,40.1576595
2020-02-26 11:47:21.072862,1123.95493,40.1578069
2020-02-26 11:47:21.132865,1123.94992,40.1564807
2020-02-26 11:47:21.219870,1123.94196,40.156628
2020-02-26 11:47:21.285874,1123.92707,40.1587647
2020-02-26 11:47:21.357878,1123.91698,40.1576595
2020-02-26 11:47:21.417881,1123.91182,40.1589857
2020-02-26 11:47:21.505886,1123.90076,40.1590594
2020-02-26 11:47:21.565890,1123.88971,40.1595014
2020-02-26 11:47:21.631894,1123.88308,40.1575122
2020-02-26 11:47:21.692897,1123.87291,40.1568491
2020-02-26 11:47:21.774902,1123.86229,40.1553755
2020-02-26 11:47:21.839906,1123.85684,40.1544914
2020-02-26 11:47:21.905909,1123.84593,40.1544177
2020-02-26 11:47:21.968913,1123.83974,40.1536073
2020-02-26 11:47:22.055918,1123.83244,40.1541967
2020-02-26 11:47:22.123922,1123.81822,40.153902
2020-02-26 11:47:22.183925,1123.80687,40.1544177
2020-02-26 11:47:22.250929,1123.80179,40.1540493
2020-02-26 11:47:22.331934,1123.79073,40.154123
2020-02-26 11:47:22.392937,1123.77857,40.1535336
2020-02-26 11:47:22.458941,1123.77271,40.153902
2020-02-26 11:47:22.518944,1123.76731,40.1548598
2020-02-26 11:47:22.600949,1123.75812,40.1543434
2020-02-26 11:47:22.666953,1123.74849,40.1552268
2020-02-26 11:47:22.726956,1123.74085,40.1544894
2020-02-26 11:47:22.786960,1123.72965,40.1543414
2020-02-26 11:47:22.867964,1123.72221,40.1509516
2020-02-26 11:47:22.928968,1123.71145,40.1513193
2020-02-26 11:47:22.984971,1123.70076,40.151466
2020-02-26 11:47:23.050975,1123.69486,40.1524231
2020-02-26 11:47:23.139980,1123.68757,40.1536012
2020-02-26 11:47:23.207984,1123.67445,40.1518323
2020-02-26 11:47:23.266987,1123.66782,40.1510219
2020-02-26 11:47:23.330991,1123.65499,40.149401
2020-02-26 11:47:23.414996,1123.64998,40.1485169
2020-02-26 11:47:23.481999,1123.63701,40.1474854
2020-02-26 11:47:23.542003,1123.62419,40.1501378
2020-02-26 11:47:23.610007,1123.61438,40.1488116
2020-02-26 11:47:23.691011,1123.60775,40.1485905
2020-02-26 11:47:23.751015,1123.59802,40.1476327
2020-02-26 11:47:23.816019,1123.58756,40.1449804
2020-02-26 11:47:23.877022,1123.58203,40.144612
2020-02-26 11:47:23.958027,1123.57613,40.1440963
2020-02-26 11:47:24.025031,1123.56147,40.1449067
2020-02-26 11:47:24.086034,1123.55631,40.1446857
2020-02-26 11:47:24.151038,1123.55027,40.1450541
2020-02-26 11:47:24.233042,1123.53722,40.1446857
2020-02-26 11:47:24.294046,1123.52727,40.144833
2020-02-26 11:47:24.355049,1123.51975,40.1436542
2020-02-26 11:47:24.422053,1123.5118,40.1436542
2020-02-26 11:47:24.503058,1123.50391,40.1449067
2020-02-26 11:47:24.563061,1123.49462,40.1460855
2020-02-26 11:47:24.624065,1123.48718,40.1465276
2020-02-26 11:47:24.684068,1123.47723,40.1475591
2020-02-26 11:47:24.766073,1123.47303,40.1482958
2020-02-26 11:47:24.833077,1123.45576,40.1481485
2020-02-26 11:47:24.892080,1123.44993,40.1477801
2020-02-26 11:47:24.953084,1123.44505,40.1477801
2020-02-26 11:47:25.035088,1123.43258,40.1478538
2020-02-26 11:47:25.095092,1123.42315,40.1471907
2020-02-26 11:47:25.157095,1123.41512,40.1464539
2020-02-26 11:47:25.223099,1123.40694,40.1454224
2020-02-26 11:47:25.304104,1123.39632,40.1441699
2020-02-26 11:47:25.365107,1123.38534,40.1416649
2020-02-26 11:47:25.425111,1123.3821,40.1416649
2020-02-26 11:47:25.490114,1123.37009,40.1407071
2020-02-26 11:47:25.572119,1123.35918,40.1395276
2020-02-26 11:47:25.632122,1123.34857,40.137685
2020-02-26 11:47:25.693126,1123.34142,40.1366529
2020-02-26 11:47:25.754129,1123.33228,40.137389
2020-02-26 11:47:25.836134,1123.32476,40.1383461
2020-02-26 11:47:25.897138,1123.31437,40.1391559
2020-02-26 11:47:25.963141,1123.30339,40.140113
2020-02-26 11:47:26.029145,1123.2958,40.1402597
2020-02-26 11:47:26.111150,1123.28541,40.1382698
2020-02-26 11:47:26.171153,1123.27804,40.1391532
2020-02-26 11:47:26.237157,1123.27023,40.1412898
2020-02-26 11:47:26.305161,1123.2658,40.1436475
2020-02-26 11:47:26.386166,1123.25652,40.1442369
2020-02-26 11:47:26.447169,1123.24915,40.1441632
2020-02-26 11:47:26.508173,1123.23736,40.1438685
2020-02-26 11:47:26.568176,1123.22387,40.1435738
2020-02-26 11:47:26.650181,1123.21967,40.1423213
2020-02-26 11:47:26.710184,1123.20788,40.1412161
2020-02-26 11:47:26.776188,1123.19778,40.1418056
2020-02-26 11:47:26.844192,1123.19292,40.1415109
2020-02-26 11:47:26.926196,1123.18186,40.1389322
2020-02-26 11:47:26.986200,1123.1711,40.1381217
2020-02-26 11:47:27.053204,1123.16403,40.1390058
2020-02-26 11:47:27.114207,1123.15493,40.1387111
2020-02-26 11:47:27.196212,1123.14378,40.1377533
2020-02-26 11:47:27.256215,1123.13375,40.1356904
2020-02-26 11:47:27.312219,1123.12583,40.1362061
2020-02-26 11:47:27.378222,1123.11868,40.1365008
2020-02-26 11:47:27.460227,1123.11072,40.1353957
2020-02-26 11:47:27.527231,1123.10276,40.132817
2020-02-26 11:47:27.587234,1123.09274,40.1318592
2020-02-26 11:47:27.648238,1123.08213,40.1316382
2020-02-26 11:47:27.736243,1123.07586,40.1298699
2020-02-26 11:47:27.803247,1123.05965,40.1292805
2020-02-26 11:47:27.973256,1123.0399,40.1291332
2020-02-26 11:47:28.407281,1122.97939,40.135322
2020-02-26 11:47:28.484286,1122.97055,40.1343642
2020-02-26 11:47:28.544289,1122.96384,40.1348056
2020-02-26 11:47:28.610293,1122.95809,40.1333314
2020-02-26 11:47:28.671296,1122.95072,40.1337728
2020-02-26 11:47:28.733300,1122.93768,40.1334037
2020-02-26 11:47:28.821305,1122.93399,40.1335504
2020-02-26 11:47:29.026317,1122.89272,40.1302329
2020-02-26 11:47:29.092320,1122.88432,40.1296429
2020-02-26 11:47:29.152324,1122.87886,40.1308947
2020-02-26 11:47:29.213327,1122.87621,40.130821
2020-02-26 11:47:29.273331,1122.86832,40.1315578
2020-02-26 11:47:29.356335,1122.85985,40.1306
2020-02-26 11:47:29.419339,1122.84549,40.1294211
2020-02-26 11:47:29.486343,1122.83923,40.1284634
2020-02-26 11:47:29.897366,1122.79011,40.1306737
2020-02-26 11:47:30.247386,1122.73984,40.1303789
2020-02-26 11:47:30.317390,1122.7296,40.1286844
2020-02-26 11:47:30.504401,1122.70771,40.1244848
2020-02-26 11:47:30.564405,1122.70064,40.1242638
2020-02-26 11:47:30.786417,1122.66858,40.1266214
2020-02-26 11:47:30.937426,1122.6486,40.1269898
2020-02-26 11:47:30.984429,1122.64153,40.1279476
2020-02-26 11:47:31.038432,1122.636,40.1289791
2020-02-26 11:47:31.107436,1122.62959,40.1302316
2020-02-26 11:47:31.167439,1122.61949,40.1311894
2020-02-26 11:47:31.248444,1122.6133,40.1305263
2020-02-26 11:47:31.309447,1122.60247,40.1289054
2020-02-26 11:47:31.370451,1122.59053,40.1268425
2020-02-26 11:47:31.437455,1122.58316,40.1253689
2020-02-26 11:47:31.521459,1122.57284,40.1227899
2020-02-26 11:47:31.582463,1122.56378,40.121758
2020-02-26 11:47:31.647467,1122.55854,40.1213892
2020-02-26 11:47:31.714470,1122.54861,40.1201363
2020-02-26 11:47:31.795475,1122.53645,40.1191045
2020-02-26 11:47:31.856478,1122.52664,40.1174832
2020-02-26 11:47:31.917482,1122.51929,40.1180722
2020-02-26 11:47:31.984486,1122.50602,40.119619
2020-02-26 11:47:32.066490,1122.49777,40.119545
2020-02-26 11:47:32.127494,1122.49077,40.1217549
2020-02-26 11:47:32.187497,1122.4817,40.1227864
2020-02-26 11:47:32.248501,1122.47772,40.1227127
2020-02-26 11:47:32.333506,1122.46799,40.1210918
2020-02-26 11:47:32.393509,1122.46269,40.1202813
2020-02-26 11:47:32.455513,1122.45193,40.1212391
2020-02-26 11:47:32.521517,1122.44529,40.1221233
2020-02-26 11:47:32.615522,1122.43505,40.1213865
2020-02-26 11:47:32.675525,1122.42363,40.1199866
2020-02-26 11:47:32.739529,1122.41456,40.120134
2020-02-26 11:47:32.806533,1122.40911,40.1175553
2020-02-26 11:47:32.888538,1122.39901,40.1168185
2020-02-26 11:47:32.949541,1122.38796,40.1171133
2020-02-26 11:47:33.010544,1122.38081,40.1195446
2020-02-26 11:47:33.074548,1122.36791,40.120134
2020-02-26 11:47:33.162553,1122.36555,40.1202813
2020-02-26 11:47:33.229557,1122.35096,40.117629
2020-02-26 11:47:33.288560,1122.34455,40.1192499
2020-02-26 11:47:33.350564,1122.33784,40.1186605
2020-02-26 11:47:33.437569,1122.32959,40.1186605
2020-02-26 11:47:33.503573,1122.31772,40.1185868
2020-02-26 11:47:33.562576,1122.30895,40.1174816
2020-02-26 11:47:33.623580,1122.30173,40.1161555
2020-02-26 11:47:33.705584,1122.29289,40.1145346
2020-02-26 11:47:33.767588,1122.28028,40.1149766
2020-02-26 11:47:33.833592,1122.27461,40.1158607
2020-02-26 11:47:33.893595,1122.26495,40.1174816
2020-02-26 11:47:33.974600,1122.26252,40.1161555
2020-02-26 11:47:34.035603,1122.2514,40.1161555
2020-02-26 11:47:34.096607,1122.24282,40.1152713
2020-02-26 11:47:34.155610,1122.23991,40.117629
2020-02-26 11:47:34.239615,1122.22893,40.1199866
2020-02-26 11:47:34.299618,1122.21707,40.1209444
2020-02-26 11:47:34.359622,1122.20889,40.120355
2020-02-26 11:47:34.420625,1122.20145,40.1186605
2020-02-26 11:47:34.502630,1122.19157,40.1159367
2020-02-26 11:47:34.562633,1122.1839,40.1174861
2020-02-26 11:47:34.622637,1122.1797,40.1168989
2020-02-26 11:47:34.682640,1122.17366,40.1176379
2020-02-26 11:47:34.768645,1122.16246,40.1171244
2020-02-26 11:47:34.829649,1122.15155,40.1152847
2020-02-26 11:47:34.889652,1122.143,40.1144765
2020-02-26 11:47:34.956656,1122.13187,40.1127842
2020-02-26 11:47:35.037660,1122.12834,40.1131548
2020-02-26 11:47:35.098664,1122.11971,40.1145569
2020-02-26 11:47:35.162668,1122.10903,40.1159568
2020-02-26 11:47:35.229671,1122.1063,40.1155884
2020-02-26 11:47:35.310676,1122.09414,40.1156621
2020-02-26 11:47:35.371680,1122.08331,40.1140412
2020-02-26 11:47:35.436683,1122.07328,40.1148516
2020-02-26 11:47:35.503687,1122.06635,40.1155884
2020-02-26 11:47:35.585692,1122.05648,40.1147043
2020-02-26 11:47:35.645695,1122.04734,40.1158831
2020-02-26 11:47:35.706699,1122.04049,40.11522
2020-02-26 11:47:35.767702,1122.03076,40.1147779
2020-02-26 11:47:35.849707,1122.03017,40.1146306
2020-02-26 11:47:35.910710,1122.0155,40.1139675
2020-02-26 11:47:35.971714,1122.00688,40.1143359
2020-02-26 11:47:36.032717,1122.00386,40.1150726
2020-02-26 11:47:36.114722,1121.99243,40.1148516
2020-02-26 11:47:36.174725,1121.98366,40.1144832
2020-02-26 11:47:36.240729,1121.97747,40.1147043
2020-02-26 11:47:36.306733,1121.96943,40.1146306
2020-02-26 11:47:36.388738,1121.9592,40.1155884
2020-02-26 11:47:36.449741,1121.94854,40.1144832
2020-02-26 11:47:36.509745,1121.9454,40.1147043
2020-02-26 11:47:36.571748,1121.93496,40.115441
2020-02-26 11:47:36.653753,1121.92465,40.1161778
2020-02-26 11:47:36.714756,1121.91204,40.115441
2020-02-26 11:47:36.780760,1121.9046,40.1142622
2020-02-26 11:47:36.841764,1121.8945,40.1137465
2020-02-26 11:47:36.923768,1121.88949,40.1143359
2020-02-26 11:47:36.984772,1121.87932,40.1123466
2020-02-26 11:47:37.049776,1121.87298,40.1112415
2020-02-26 11:47:37.116779,1121.86753,40.1119782
2020-02-26 11:47:37.199784,1121.85721,40.1107994
2020-02-26 11:47:37.259788,1121.85021,40.1095469
2020-02-26 11:47:37.326791,1121.83857,40.1066735
2020-02-26 11:47:37.386795,1121.83105,40.1057157
2020-02-26 11:47:37.468799,1121.82073,40.1049046
2020-02-26 11:47:37.532803,1121.81122,40.105346
2020-02-26 11:47:37.591807,1121.80636,40.1048296
2020-02-26 11:47:37.652810,1121.79788,40.1063024
2020-02-26 11:47:37.734815,1121.79494,40.1060807
2020-02-26 11:47:37.795818,1121.78469,40.1044592
2020-02-26 11:47:37.861822,1121.77216,40.1035744
2020-02-26 11:47:37.920825,1121.76855,40.1013634
2020-02-26 11:47:38.004830,1121.7575,40.1025416
2020-02-26 11:47:38.064834,1121.7474,40.1037934
2020-02-26 11:47:38.125837,1121.7404,40.1048985
2020-02-26 11:47:38.186841,1121.73605,40.1024672
2020-02-26 11:47:38.268845,1121.72477,40.1019515
2020-02-26 11:47:38.328849,1121.71284,40.1022462
2020-02-26 11:47:38.389852,1121.70679,40.1020252
2020-02-26 11:47:38.456856,1121.69706,40.1023935
2020-02-26 11:47:38.537861,1121.68925,40.101141
2020-02-26 11:47:38.597864,1121.68219,40.1024672
2020-02-26 11:47:38.658868,1121.67111,40.1019515
2020-02-26 11:47:38.719871,1121.66633,40.1033513
2020-02-26 11:47:38.807876,1121.65769,40.1033513
2020-02-26 11:47:38.867880,1121.64884,40.1027619
2020-02-26 11:47:38.932883,1121.64376,40.1014357
2020-02-26 11:47:39.001887,1121.63742,40.1008463
2020-02-26 11:47:39.083892,1121.62983,40.1007726
2020-02-26 11:47:39.144895,1121.61605,40.1009937
2020-02-26 11:47:39.211899,1121.60728,40.1015831
2020-02-26 11:47:39.271903,1121.60057,40.1022462
2020-02-26 11:47:39.353907,1121.59158,40.1006253
2020-02-26 11:47:39.419911,1121.58362,40.0979729
2020-02-26 11:47:39.486915,1121.57544,40.096352
2020-02-26 11:47:39.545918,1121.56534,40.098415
2020-02-26 11:47:39.627923,1121.55937,40.0989307
2020-02-26 11:47:39.694927,1121.54964,40.0974572
2020-02-26 11:47:39.755930,1121.54021,40.0967204
2020-02-26 11:47:39.815934,1121.53601,40.0955416
2020-02-26 11:47:39.897938,1121.5296,40.0974572
2020-02-26 11:47:39.959942,1121.5223,40.0967204
2020-02-26 11:47:40.023946,1121.5122,40.0978256
2020-02-26 11:47:40.089949,1121.50461,40.0995938
2020-02-26 11:47:40.172954,1121.49606,40.1007726
2020-02-26 11:47:40.233958,1121.48582,40.0988571
2020-02-26 11:47:40.289961,1121.47764,40.0991518
2020-02-26 11:47:40.355965,1121.47064,40.1002569
2020-02-26 11:47:40.439969,1121.46017,40.101143
2020-02-26 11:47:40.505973,1121.45214,40.1031342
2020-02-26 11:47:40.565977,1121.44131,40.1007048
2020-02-26 11:47:40.631980,1121.43239,40.1004857
2020-02-26 11:47:40.719985,1121.42745,40.1005614
2020-02-26 11:47:40.780989,1121.41684,40.0995318
2020-02-26 11:47:40.840992,1121.41234,40.0991654
2020-02-26 11:47:40.906996,1121.40545,40.1000515
2020-02-26 11:47:40.989001,1121.39348,40.1012323
2020-02-26 11:47:41.267017,1121.3621,40.0988029
2020-02-26 11:47:41.322020,1121.35922,40.096961
2020-02-26 11:47:41.394024,1121.34972,40.0973293
2020-02-26 11:47:41.454027,1121.34124,40.0968136
2020-02-26 11:47:41.537032,1121.33726,40.0982135
2020-02-26 11:47:41.597036,1121.32252,40.0978451
2020-02-26 11:47:41.659039,1121.31832,40.0976241
2020-02-26 11:47:41.724043,1121.31132,40.0978451
2020-02-26 11:47:41.805048,1121.30284,40.0968136
2020-02-26 11:47:41.866051,1121.29297,40.0970346
2020-02-26 11:47:41.927054,1121.28626,40.0973293
2020-02-26 11:47:41.998059,1121.27904,40.0982135
2020-02-26 11:47:42.079063,1121.26666,40.0968873
2020-02-26 11:47:42.140067,1121.25922,40.0962242
2020-02-26 11:47:42.200070,1121.25325,40.0937929
2020-02-26 11:47:42.266074,1121.24691,40.0938665
2020-02-26 11:47:42.348079,1121.24005,40.0912879
2020-02-26 11:47:42.409082,1121.22848,40.0906984
2020-02-26 11:47:42.475086,1121.21816,40.0903301
2020-02-26 11:47:42.543090,1121.20814,40.0899617
2020-02-26 11:47:42.625094,1121.20026,40.0880461
2020-02-26 11:47:42.689098,1121.19303,40.0881198
2020-02-26 11:47:42.755102,1121.18751,40.0892249
2020-02-26 11:47:42.816105,1121.18522,40.0892249
2020-02-26 11:47:42.898110,1121.1749,40.0880461
2020-02-26 11:47:42.959114,1121.16296,40.087162
2020-02-26 11:47:43.020117,1121.155,40.0893723
2020-02-26 11:47:43.080120,1121.1466,40.089667
2020-02-26 11:47:43.163125,1121.13857,40.0908458
2020-02-26 11:47:43.224129,1121.12914,40.0905511
2020-02-26 11:47:43.285132,1121.12431,40.0915826
2020-02-26 11:47:43.345136,1121.11542,40.0922457
2020-02-26 11:47:43.427140,1121.10876,40.0911398
2020-02-26 11:47:43.490144,1121.10068,40.0921706
2020-02-26 11:47:43.551147,1121.09095,40.0937172
2020-02-26 11:47:43.611151,1121.08468,40.0923166
2020-02-26 11:47:43.699156,1121.07871,40.0909161
2020-02-26 11:47:43.759159,1121.06751,40.0910628
2020-02-26 11:47:43.826163,1121.0583,40.0898833
2020-02-26 11:47:43.889167,1121.05041,40.0889985
2020-02-26 11:47:43.976172,1121.0468,40.0892189
2020-02-26 11:47:44.041175,1121.03582,40.088113
2020-02-26 11:47:44.101179,1121.03,40.0881867
2020-02-26 11:47:44.167183,1121.02447,40.0879657
2020-02-26 11:47:44.248187,1121.01482,40.0884814
2020-02-26 11:47:44.309191,1121.00877,40.090176
2020-02-26 11:47:44.370194,1120.99927,40.088113
2020-02-26 11:47:44.430198,1120.9933,40.0880394
2020-02-26 11:47:44.512202,1120.98762,40.0892182
2020-02-26 11:47:44.579206,1120.97679,40.0894392
2020-02-26 11:47:44.639210,1120.9678,40.0881867
2020-02-26 11:47:44.700213,1120.96389,40.0895866
2020-02-26 11:47:44.782218,1120.95372,40.0896602
2020-02-26 11:47:44.842221,1120.94421,40.0870816
2020-02-26 11:47:44.908225,1120.93913,40.0853133
2020-02-26 11:47:44.981229,1120.92874,40.0850186
2020-02-26 11:47:45.062234,1120.92446,40.0866395
2020-02-26 11:47:45.122237,1120.91547,40.0870079
2020-02-26 11:47:45.178240,1120.90744,40.0861974
2020-02-26 11:47:45.244244,1120.90368,40.0866395
2020-02-26 11:47:45.326249,1120.89403,40.0872289
2020-02-26 11:47:45.386252,1120.88968,40.0863448
2020-02-26 11:47:45.446256,1120.88209,40.0847239
2020-02-26 11:47:45.506259,1120.87221,40.0866395
2020-02-26 11:47:45.591264,1120.86241,40.0879657
2020-02-26 11:47:45.652268,1120.85251,40.087892
2020-02-26 11:47:45.718271,1120.84684,40.0866395
2020-02-26 11:47:45.779275,1120.83708,40.085387
2020-02-26 11:47:45.867280,1120.83052,40.0862711
2020-02-26 11:47:45.933284,1120.81917,40.085387
2020-02-26 11:47:45.992287,1120.81401,40.0838398
2020-02-26 11:47:46.052290,1120.80693,40.082661
2020-02-26 11:47:46.136295,1120.79993,40.0840608
2020-02-26 11:47:46.200299,1120.79197,40.0842082
2020-02-26 11:47:46.266303,1120.78637,40.0845766
2020-02-26 11:47:46.327306,1120.77922,40.0842818
2020-02-26 11:47:46.410311,1120.77303,40.0847995
2020-02-26 11:47:46.470314,1120.76397,40.0853909
2020-02-26 11:47:46.536318,1120.7563,40.0858349
2020-02-26 11:47:46.603322,1120.74967,40.0870157
2020-02-26 11:47:46.684327,1120.74068,40.0884175
2020-02-26 11:47:46.745330,1120.73058,40.0890089
2020-02-26 11:47:46.810334,1120.72152,40.0877583
2020-02-26 11:47:46.877338,1120.71606,40.085992
2020-02-26 11:47:46.962342,1120.70552,40.0846678
2020-02-26 11:47:47.027346,1120.69992,40.0837119
2020-02-26 11:47:47.093350,1120.69373,40.084154
2020-02-26 11:47:47.154353,1120.68489,40.0826805
2020-02-26 11:47:47.235358,1120.68106,40.0817227
2020-02-26 11:47:47.302362,1120.66838,40.079144
2020-02-26 11:47:47.363365,1120.66189,40.0781862
2020-02-26 11:47:47.423369,1120.65681,40.0794387
2020-02-26 11:47:47.507374,1120.64826,40.0787019
2020-02-26 11:47:47.567377,1120.63978,40.0788493
2020-02-26 11:47:47.627381,1120.63536,40.0796597
2020-02-26 11:47:47.687384,1120.62888,40.0806175
2020-02-26 11:47:47.768389,1120.61966,40.0798807
2020-02-26 11:47:47.828392,1120.6117,40.0809859
2020-02-26 11:47:47.888395,1120.60511,40.0809122
2020-02-26 11:47:47.953399,1120.59867,40.081428
2020-02-26 11:47:48.035404,1120.58985,40.0815753
2020-02-26 11:47:48.095407,1120.58451,40.0796597
2020-02-26 11:47:48.158411,1120.57381,40.081428
2020-02-26 11:47:48.225415,1120.56828,40.081428
2020-02-26 11:47:48.312420,1120.56018,40.0801754
2020-02-26 11:47:48.372423,1120.54846,40.0794387
2020-02-26 11:47:48.438427,1120.54065,40.0774494
2020-02-26 11:47:48.497430,1120.53755,40.0754601
2020-02-26 11:47:48.581435,1120.53077,40.0742813
2020-02-26 11:47:48.641439,1120.52318,40.0756075
2020-02-26 11:47:48.702442,1120.51655,40.074576
2020-02-26 11:47:48.778446,1120.50431,40.0750918
2020-02-26 11:47:48.848450,1120.49724,40.0757548
2020-02-26 11:47:48.910454,1120.49304,40.0753128
2020-02-26 11:47:48.970457,1120.48839,40.074134
2020-02-26 11:47:49.031461,1120.47771,40.0742813
2020-02-26 11:47:49.113466,1120.46982,40.0754601
2020-02-26 11:47:49.175469,1120.46039,40.0759759
2020-02-26 11:47:49.240473,1120.45177,40.0752391
2020-02-26 11:47:49.308477,1120.44683,40.074797
2020-02-26 11:47:49.392481,1120.44005,40.0767862
2020-02-26 11:47:49.452485,1120.43157,40.0753126
2020-02-26 11:47:49.519489,1120.42236,40.0731022
2020-02-26 11:47:49.580492,1120.4172,40.0732494
2020-02-26 11:47:49.945513,1120.38212,40.0753118
2020-02-26 11:47:49.994516,1120.37799,40.074575
2020-02-26 11:47:50.054519,1120.369,40.0729541
2020-02-26 11:47:50.119523,1120.36325,40.0740592
2020-02-26 11:47:50.203528,1120.35589,40.0756801
2020-02-26 11:47:50.262531,1120.3476,40.0757538
2020-02-26 11:47:50.324535,1120.33696,40.0762695
2020-02-26 11:47:50.391539,1120.33339,40.0764905
2020-02-26 11:47:50.473543,1120.3262,40.0756064
2020-02-26 11:47:50.533547,1120.31707,40.0759011
2020-02-26 11:47:50.600551,1120.30778,40.074796
2020-02-26 11:47:50.661554,1120.3007,40.0740592
2020-02-26 11:47:50.743559,1120.29186,40.075017
2020-02-26 11:47:50.807562,1120.28368,40.0757538
2020-02-26 11:47:50.873566,1120.27882,40.0749433
2020-02-26 11:47:50.934570,1120.27417,40.0746486
2020-02-26 11:47:51.016574,1120.26975,40.0742802
2020-02-26 11:47:51.077578,1120.26238,40.072733
2020-02-26 11:47:51.139581,1120.25354,40.0736908
2020-02-26 11:47:51.205585,1120.25022,40.0723647
2020-02-26 11:47:51.287590,1120.24256,40.0738382
2020-02-26 11:47:51.353594,1120.23423,40.0737645
2020-02-26 11:47:51.419597,1120.22804,40.0728804
2020-02-26 11:47:51.486601,1120.21757,40.0711121
2020-02-26 11:47:51.568606,1120.2077,40.0707438
2020-02-26 11:47:51.630610,1120.20165,40.0722173
2020-02-26 11:47:51.697613,1120.19701,40.0721436
2020-02-26 11:47:51.757617,1120.19229,40.072733
2020-02-26 11:47:51.839621,1120.18684,40.0713332
2020-02-26 11:47:51.905625,1120.17777,40.0711858
2020-02-26 11:47:51.966629,1120.16746,40.070007
2020-02-26 11:47:52.030632,1120.16097,40.0701544
2020-02-26 11:47:52.111637,1120.15456,40.0692702
2020-02-26 11:47:52.178641,1120.1438,40.0694176
2020-02-26 11:47:52.250645,1120.13945,40.0675757
2020-02-26 11:47:52.311648,1120.13613,40.0655127
2020-02-26 11:47:52.394653,1120.12655,40.0660259
2020-02-26 11:47:52.461657,1120.11631,40.0653603
2020-02-26 11:47:52.521660,1120.10821,40.0651368
2020-02-26 11:47:52.587664,1120.10071,40.0649132
2020-02-26 11:47:52.679670,1120.09688,40.0650581
2020-02-26 11:47:52.740673,1120.08423,40.0646872
2020-02-26 11:47:52.808677,1120.07664,40.0662319
2020-02-26 11:47:52.863680,1120.06816,40.063798
2020-02-26 11:47:52.951685,1120.06566,40.065048
2020-02-26 11:47:53.018689,1120.05254,40.0643087
2020-02-26 11:47:53.077692,1120.04642,40.0613617
2020-02-26 11:47:53.138696,1120.04288,40.061509
2020-02-26 11:47:53.221701,1120.03861,40.0626142
2020-02-26 11:47:53.281704,1120.02895,40.0643087
2020-02-26 11:47:53.342707,1120.02564,40.0627615
2020-02-26 11:47:53.403711,1120.01856,40.0626142
2020-02-26 11:47:53.486716,1120.0123,40.0620248
2020-02-26 11:47:53.547719,1120.00397,40.0643087
2020-02-26 11:47:53.613723,1119.99866,40.0651192
2020-02-26 11:47:53.674726,1119.99011,40.066077
2020-02-26 11:47:53.756731,1119.98348,40.0670348
2020-02-26 11:47:53.817735,1119.97582,40.0672558
2020-02-26 11:47:53.877738,1119.96815,40.0672558
2020-02-26 11:47:53.938742,1119.96469,40.0660033
2020-02-26 11:47:54.023746,1119.95688,40.0676979
2020-02-26 11:47:54.089750,1119.94729,40.0674032
2020-02-26 11:47:54.149754,1119.9425,40.066519
2020-02-26 11:47:54.215757,1119.93779,40.0661507
2020-02-26 11:47:54.296762,1119.93182,40.0626879
2020-02-26 11:47:54.357765,1119.92261,40.0620984
2020-02-26 11:47:54.424769,1119.91074,40.0640877
2020-02-26 11:47:54.485773,1119.90477,40.063793
2020-02-26 11:47:54.570778,1119.89644,40.0625405
2020-02-26 11:47:54.636781,1119.88915,40.0617301
2020-02-26 11:47:54.697785,1119.88273,40.0617301
2020-02-26 11:47:54.758788,1119.87743,40.0615827
2020-02-26 11:47:54.840793,1119.87281,40.0613617
2020-02-26 11:47:54.901797,1119.86513,40.061288
2020-02-26 11:47:54.961800,1119.85673,40.0634983
2020-02-26 11:47:55.022804,1119.85419,40.0621721
2020-02-26 11:47:55.104808,1119.84517,40.0606249
2020-02-26 11:47:55.165812,1119.83471,40.0596671
2020-02-26 11:47:55.232816,1119.82852,40.0594461
2020-02-26 11:47:55.292819,1119.82351,40.0604039
2020-02-26 11:47:55.375824,1119.81651,40.0582669
2020-02-26 11:47:55.442828,1119.81054,40.0589296
2020-02-26 11:47:55.502831,1119.80265,40.0584134
2020-02-26 11:47:55.569835,1119.79771,40.0568658
2020-02-26 11:47:55.659840,1119.79145,40.0563497
2020-02-26 11:47:55.720843,1119.78135,40.0576018
2020-02-26 11:47:55.780847,1119.77324,40.0570857
2020-02-26 11:47:55.841850,1119.76669,40.0578958
2020-02-26 11:47:55.924855,1119.76175,40.0581901
2020-02-26 11:47:55.984859,1119.75548,40.0564215
2020-02-26 11:47:56.045862,1119.74833,40.0577476
2020-02-26 11:47:56.106866,1119.74649,40.0578213
2020-02-26 11:47:56.189870,1119.7389,40.0579687
2020-02-26 11:47:56.249874,1119.73079,40.0581897
2020-02-26 11:47:56.316878,1119.7246,40.0585581
2020-02-26 11:47:56.382881,1119.71576,40.0587054
2020-02-26 11:47:56.465886,1119.70972,40.0574529
2020-02-26 11:47:56.530890,1119.70161,40.0567162
2020-02-26 11:47:56.602894,1119.6949,40.0569372
2020-02-26 11:47:56.663897,1119.68746,40.0580423
2020-02-26 11:47:56.746902,1119.68598,40.0559057
2020-02-26 11:47:56.806906,1119.67324,40.0549479
2020-02-26 11:47:56.868909,1119.66933,40.0539901
2020-02-26 11:47:56.934913,1119.66255,40.053327
2020-02-26 11:47:57.016918,1119.654,40.0513378
2020-02-26 11:47:57.076921,1119.64722,40.0490538
2020-02-26 11:47:57.137925,1119.64265,40.0504536
2020-02-26 11:47:57.204928,1119.63854,40.0521482
2020-02-26 11:47:57.286933,1119.62881,40.0518535
2020-02-26 11:47:57.347937,1119.61996,40.0521482
2020-02-26 11:47:57.408940,1119.61224,40.0531797
2020-02-26 11:47:57.469943,1119.60583,40.0536217
2020-02-26 11:47:57.555948,1119.59986,40.052885
2020-02-26 11:47:57.616952,1119.59204,40.0551689
2020-02-26 11:47:57.680956,1119.58689,40.0569372
2020-02-26 11:47:57.752960,1119.57767,40.0584107
2020-02-26 11:47:57.835964,1119.57192,40.0582634
2020-02-26 11:47:57.896968,1119.56492,40.0566425
2020-02-26 11:47:57.959972,1119.55527,40.0552426
2020-02-26 11:47:58.022975,1119.55306,40.053327
2020-02-26 11:47:58.104980,1119.54473,40.0546532
2020-02-26 11:47:58.171984,1119.53817,40.0520009
2020-02-26 11:47:58.236987,1119.53168,40.0543585
2020-02-26 11:47:58.302991,1119.52712,40.0529586
2020-02-26 11:47:58.384996,1119.5196,40.0528843
2020-02-26 11:47:58.445999,1119.50994,40.05281
2020-02-26 11:47:58.507003,1119.50324,40.0527356
2020-02-26 11:47:58.568006,1119.49594,40.0516298
2020-02-26 11:47:58.650011,1119.49461,40.0511871
2020-02-26 11:47:58.711014,1119.48923,40.0528809
2020-02-26 11:47:58.773018,1119.48054,40.0519225
2020-02-26 11:47:58.840022,1119.47729,40.0543531
2020-02-26 11:47:58.922027,1119.46911,40.0528053
2020-02-26 11:47:58.988030,1119.46152,40.0524362
2020-02-26 11:47:59.050034,1119.4557,40.0519941
2020-02-26 11:47:59.114038,1119.44715,40.0516258
2020-02-26 11:47:59.203043,1119.44185,40.0515521
2020-02-26 11:47:59.270046,1119.43322,40.0530993
2020-02-26 11:47:59.336050,1119.42453,40.0542044
2020-02-26 11:47:59.397054,1119.4173,40.053173
2020-02-26 11:47:59.479058,1119.41089,40.0549412
2020-02-26 11:47:59.546062,1119.39901,40.0530256
2020-02-26 11:47:59.614066,1119.3935,40.0542044
2020-02-26 11:47:59.677070,1119.39021,40.053615
2020-02-26 11:47:59.761075,1119.38604,40.0523625
2020-02-26 11:47:59.822078,1119.37941,40.0526572
2020-02-26 11:47:59.883082,1119.37543,40.0522152
2020-02-26 11:47:59.944085,1119.36982,40.0527309
2020-02-26 11:48:00.027090,1119.35951,40.053173
2020-02-26 11:48:00.089093,1119.35052,40.0525835
2020-02-26 11:48:00.161097,1119.34897,40.0505943
2020-02-26 11:48:00.222101,1119.33902,40.051331
2020-02-26 11:48:00.306106,1119.33327,40.0508153
2020-02-26 11:48:00.366109,1119.3273,40.0522152
2020-02-26 11:48:00.427113,1119.31816,40.0515521
2020-02-26 11:48:00.499117,1119.31426,40.0519941
2020-02-26 11:48:00.580121,1119.31013,40.053173
2020-02-26 11:48:00.648125,1119.30077,40.0524362
2020-02-26 11:48:00.708129,1119.29355,40.0522152
2020-02-26 11:48:00.770132,1119.28861,40.0519941
2020-02-26 11:48:00.858137,1119.28227,40.0512574
2020-02-26 11:48:00.923141,1119.27166,40.0520678
2020-02-26 11:48:00.983144,1119.27033,40.05111
2020-02-26 11:48:01.044148,1119.26112,40.0491944
2020-02-26 11:48:01.126153,1119.25419,40.0494891
2020-02-26 11:48:01.187156,1119.2466,40.0494155
2020-02-26 11:48:01.254160,1119.24078,40.0469841
2020-02-26 11:48:01.315163,1119.23319,40.0458053
2020-02-26 11:48:01.398168,1119.23002,40.0447738
2020-02-26 11:48:01.458172,1119.22434,40.0456579
2020-02-26 11:48:01.519175,1119.22044,40.0460263
2020-02-26 11:48:01.580179,1119.21506,40.0461
2020-02-26 11:48:01.662183,1119.20857,40.0469841
2020-02-26 11:48:01.723187,1119.19752,40.0477946
2020-02-26 11:48:01.784190,1119.19228,40.0492681
2020-02-26 11:48:01.845194,1119.18868,40.0489734
2020-02-26 11:48:01.927198,1119.17984,40.0503732
2020-02-26 11:48:01.991202,1119.17004,40.0496365
2020-02-26 11:48:02.058206,1119.16504,40.0507416
2020-02-26 11:48:02.122210,1119.15568,40.0505206
2020-02-26 11:48:02.209215,1119.15096,40.0494155
2020-02-26 11:48:02.276218,1119.14477,40.048384
2020-02-26 11:48:02.337222,1119.13696,40.0481629
2020-02-26 11:48:02.399225,1119.13062,40.048826
2020-02-26 11:48:02.480230,1119.12553,40.0478682
2020-02-26 11:48:02.543234,1119.11868,40.0471315
2020-02-26 11:48:02.607237,1119.11323,40.0461737
2020-02-26 11:48:02.673241,1119.10947,40.0481629
2020-02-26 11:48:02.759246,1119.10239,40.048605
2020-02-26 11:48:02.820250,1119.09406,40.048826
2020-02-26 11:48:02.883253,1119.09016,40.0493418
2020-02-26 11:48:02.946257,1119.08139,40.0499312
2020-02-26 11:48:03.028261,1119.07498,40.0503732
2020-02-26 11:48:03.090265,1119.06879,40.0495628
2020-02-26 11:48:03.156269,1119.06621,40.0502996
2020-02-26 11:48:03.217272,1119.06009,40.0501522
2020-02-26 11:48:03.299277,1119.05331,40.0497102
2020-02-26 11:48:03.360280,1119.0438,40.0479419
2020-02-26 11:48:03.427284,1119.03614,40.0461
2020-02-26 11:48:03.493288,1119.03002,40.0444791
2020-02-26 11:48:03.575293,1119.02589,40.0443318
2020-02-26 11:48:03.635296,1119.01823,40.0438897
2020-02-26 11:48:03.701300,1119.01484,40.0429319
2020-02-26 11:48:03.773304,1119.01108,40.0426372
2020-02-26 11:48:03.855309,1119.0029,40.0414584
2020-02-26 11:48:03.918312,1118.99693,40.0401322
2020-02-26 11:48:03.984316,1118.9931,40.040869
2020-02-26 11:48:04.045320,1118.98683,40.0428582
2020-02-26 11:48:04.128324,1118.98521,40.043816
2020-02-26 11:48:04.188328,1118.972,40.0450685
2020-02-26 11:48:04.250331,1118.96516,40.0449949
2020-02-26 11:48:04.310335,1118.96143,40.043816
2020-02-26 11:48:04.393339,1118.95516,40.0426391
2020-02-26 11:48:04.454343,1118.94978,40.0425674
2020-02-26 11:48:04.515346,1118.94403,40.0421273
2020-02-26 11:48:04.576350,1118.94042,40.0431607
2020-02-26 11:48:04.658355,1118.93474,40.0422049
2020-02-26 11:48:04.719358,1118.92251,40.0394808
2020-02-26 11:48:04.782362,1118.91963,40.0391144
2020-02-26 11:48:04.849366,1118.9113,40.0380111
2020-02-26 11:48:04.930370,1118.90504,40.03735
2020-02-26 11:48:04.991374,1118.9018,40.0379414
2020-02-26 11:48:05.058378,1118.89384,40.0387518
2020-02-26 11:48:05.125381,1118.88573,40.0379414
2020-02-26 11:48:05.207386,1118.87792,40.0380887
2020-02-26 11:48:05.274390,1118.86856,40.0379414
2020-02-26 11:48:05.344394,1118.8634,40.0383098
2020-02-26 11:48:05.405397,1118.85809,40.0401517
2020-02-26 11:48:05.493402,1118.8533,40.040078
2020-02-26 11:48:05.559406,1118.84475,40.0401517
2020-02-26 11:48:05.625410,1118.84004,40.0418462
2020-02-26 11:48:05.692414,1118.83414,40.0426567
2020-02-26 11:48:05.773418,1118.83075,40.042362
2020-02-26 11:48:05.834422,1118.82257,40.0429514
2020-02-26 11:48:05.896425,1118.81704,40.0446459
2020-02-26 11:48:05.962429,1118.81203,40.0431724
2020-02-26 11:48:06.045434,1118.80717,40.0436881
2020-02-26 11:48:06.106437,1118.7967,40.0426567
2020-02-26 11:48:06.173441,1118.79088,40.0415515
2020-02-26 11:48:06.233445,1118.78189,40.0422883
2020-02-26 11:48:06.315449,1118.77688,40.0409621
2020-02-26 11:48:06.382453,1118.76973,40.0406674
2020-02-26 11:48:06.443457,1118.76659,40.039857
2020-02-26 11:48:06.508460,1118.76271,40.0397096
2020-02-26 11:48:06.595465,1118.75622,40.0383098
2020-02-26 11:48:06.656469,1118.7493,40.0392675
2020-02-26 11:48:06.716472,1118.74289,40.0382361
2020-02-26 11:48:06.778476,1118.73655,40.0377203
2020-02-26 11:48:06.860481,1118.73286,40.037794
2020-02-26 11:48:06.921484,1118.72343,40.0374256
2020-02-26 11:48:06.982488,1118.72114,40.0369836
2020-02-26 11:48:07.048491,1118.7154,40.0370572
2020-02-26 11:48:07.130496,1118.71002,40.0371309
2020-02-26 11:48:07.191500,1118.7039,40.0355837
2020-02-26 11:48:07.252503,1118.6994,40.0358047
2020-02-26 11:48:07.313507,1118.69307,40.0348469
2020-02-26 11:48:07.395511,1118.68378,40.035436
2020-02-26 11:48:07.456515,1118.67648,40.0360987
2020-02-26 11:48:07.518518,1118.66963,40.0358773
2020-02-26 11:48:07.578522,1118.66668,40.0349927
2020-02-26 11:48:07.661526,1118.65997,40.0359502
2020-02-26 11:48:07.723530,1118.65445,40.0341815
2020-02-26 11:48:07.790534,1118.6487,40.0338864
2020-02-26 11:48:07.850537,1118.64118,40.0348438
2020-02-26 11:48:07.933542,1118.63897,40.0349171
2020-02-26 11:48:07.993545,1118.63131,40.0360956
2020-02-26 11:48:08.054549,1118.62504,40.0345484
2020-02-26 11:48:08.115552,1118.62268,40.0338853
2020-02-26 11:48:08.199557,1118.61399,40.0338116
2020-02-26 11:48:08.259561,1118.60573,40.0349904
2020-02-26 11:48:08.320564,1118.60138,40.0328538
2020-02-26 11:48:08.381568,1118.59807,40.0327801
2020-02-26 11:48:08.465572,1118.59121,40.0336642
2020-02-26 11:48:08.526576,1118.58362,40.034622
2020-02-26 11:48:08.588579,1118.5806,40.0340326
2020-02-26 11:48:08.655583,1118.57176,40.0324117
2020-02-26 11:48:08.737588,1118.56557,40.0346957
2020-02-26 11:48:08.798591,1118.55945,40.0346957
2020-02-26 11:48:08.859595,1118.55364,40.0347694
2020-02-26 11:48:08.924599,1118.5448,40.0342536
2020-02-26 11:48:09.012604,1118.54263,40.0360956
2020-02-26 11:48:09.073607,1118.53655,40.0367587
2020-02-26 11:48:09.134611,1118.53058,40.0387479
2020-02-26 11:48:09.201615,1118.52712,40.0377164
2020-02-26 11:48:09.284619,1118.52085,40.0379375
2020-02-26 11:48:09.350623,1118.51275,40.0384532
2020-02-26 11:48:09.410626,1118.50781,40.0373481
2020-02-26 11:48:09.471630,1118.50405,40.036685
2020-02-26 11:48:09.553635,1118.49543,40.0362429
2020-02-26 11:48:09.615638,1118.48636,40.0335169
2020-02-26 11:48:09.681642,1118.48172,40.0323381
2020-02-26 11:48:09.742645,1118.47509,40.0314539
2020-02-26 11:48:09.824650,1118.47177,40.0282858
2020-02-26 11:48:09.891654,1118.46492,40.0289489
2020-02-26 11:48:09.952657,1118.45983,40.0282122
2020-02-26 11:48:10.019661,1118.45371,40.0289489
2020-02-26 11:48:10.100666,1118.4487,40.0277701
2020-02-26 11:48:10.161669,1118.44089,40.0271807
2020-02-26 11:48:10.228673,1118.43743,40.0270333
2020-02-26 11:48:10.288677,1118.43507,40.0285069
2020-02-26 11:48:10.370681,1118.42748,40.0279194
2020-02-26 11:48:10.431685,1118.42018,40.0293949
2020-02-26 11:48:10.492688,1118.41428,40.0304283
2020-02-26 11:48:10.553692,1118.40964,40.0299882
2020-02-26 11:48:10.635697,1118.40537,40.0291797
2020-02-26 11:48:10.696700,1118.39836,40.0294763
2020-02-26 11:48:10.763704,1118.39158,40.0294783
2020-02-26 11:48:10.824707,1118.38665,40.0311011
2020-02-26 11:48:10.906712,1118.38171,40.030661
2020-02-26 11:48:10.966715,1118.37707,40.031326
2020-02-26 11:48:11.027719,1118.37043,40.0312524
2020-02-26 11:48:11.088722,1118.36598,40.0305156
2020-02-26 11:48:11.172727,1118.36018,40.0304419
2020-02-26 11:48:11.234731,1118.35188,40.0305156
2020-02-26 11:48:11.299735,1118.34846,40.0301472
2020-02-26 11:48:11.365738,1118.34514,40.0290421
2020-02-26 11:48:11.448743,1118.33917,40.0291894
2020-02-26 11:48:11.510747,1118.33416,40.0278632
2020-02-26 11:48:11.575750,1118.32768,40.0277896
2020-02-26 11:48:11.644754,1118.31787,40.0282316
2020-02-26 11:48:11.729759,1118.31279,40.0297052
2020-02-26 11:48:11.795763,1118.30409,40.0274949
2020-02-26 11:48:11.863767,1118.29893,40.0252109
2020-02-26 11:48:11.925770,1118.29274,40.0249162
2020-02-26 11:48:12.012775,1118.28913,40.0261687
2020-02-26 11:48:12.077779,1118.28073,40.0262424
2020-02-26 11:48:12.138783,1118.27461,40.0266844
2020-02-26 11:48:12.199786,1118.27152,40.0276422
2020-02-26 11:48:12.282791,1118.26547,40.0288947
2020-02-26 11:48:12.344794,1118.25818,40.0275685
2020-02-26 11:48:12.412798,1118.25427,40.0274212
2020-02-26 11:48:12.472802,1118.24734,40.0294105
2020-02-26 11:48:12.555806,1118.24432,40.0302209
2020-02-26 11:48:12.622810,1118.23747,40.0296315
2020-02-26 11:48:12.681814,1118.23076,40.0288947
2020-02-26 11:48:12.748817,1118.22641,40.0280843
2020-02-26 11:48:12.830822,1118.22044,40.0259476
2020-02-26 11:48:12.890826,1118.2116,40.0246215
2020-02-26 11:48:12.957829,1118.20696,40.0225585
2020-02-26 11:48:13.017833,1118.20099,40.0231479
2020-02-26 11:48:13.101838,1118.19657,40.0219691
2020-02-26 11:48:13.161841,1118.19155,40.0214534
2020-02-26 11:48:13.228845,1118.18794,40.0226322
2020-02-26 11:48:13.288848,1118.18264,40.0220428
2020-02-26 11:48:13.373853,1118.17527,40.0204215
2020-02-26 11:48:13.439857,1118.16907,40.0210842
2020-02-26 11:48:13.505861,1118.1626,40.0220416
2020-02-26 11:48:13.566864,1118.15766,40.0213045
2020-02-26 11:48:13.648869,1118.1551,40.0222619
2020-02-26 11:48:13.715873,1118.14493,40.0229246
2020-02-26 11:48:13.775876,1118.13999,40.024324
2020-02-26 11:48:13.836880,1118.1341,40.0229975
2020-02-26 11:48:13.918884,1118.12805,40.0218919
2020-02-26 11:48:13.979888,1118.12024,40.0223336
2020-02-26 11:48:14.041891,1118.11965,40.0244702
2020-02-26 11:48:14.109895,1118.11508,40.0241755
2020-02-26 11:48:14.192900,1118.1083,40.0246176
2020-02-26 11:48:14.253903,1118.10395,40.0258701
2020-02-26 11:48:14.320907,1118.09629,40.0257964
2020-02-26 11:48:14.380911,1118.09474,40.0238808
2020-02-26 11:48:14.468916,1118.09231,40.0220389
2020-02-26 11:48:14.529919,1118.08398,40.0229967
2020-02-26 11:48:14.590923,1118.07809,40.0213021
2020-02-26 11:48:14.657927,1118.07086,40.0204917
2020-02-26 11:48:14.746932,1118.06276,40.0199023
2020-02-26 11:48:14.811935,1118.05325,40.020197
2020-02-26 11:48:14.870939,1118.0492,40.0191655
2020-02-26 11:48:14.932942,1118.04573,40.0183551
2020-02-26 11:48:15.014947,1118.04072,40.0182814
2020-02-26 11:48:15.075950,1118.03298,40.0190918
2020-02-26 11:48:15.141954,1118.02922,40.0184287
2020-02-26 11:48:15.202958,1118.02289,40.0170289
2020-02-26 11:48:15.284962,1118.01854,40.0183551
2020-02-26 11:48:15.344966,1118.01411,40.0184287
2020-02-26 11:48:15.405969,1118.00756,40.0176183
2020-02-26 11:48:15.467973,1118.00439,40.0162921
2020-02-26 11:48:15.550978,1117.9982,40.0167342
2020-02-26 11:48:15.611981,1117.99296,40.0165131
2020-02-26 11:48:15.671985,1117.98972,40.0162184
2020-02-26 11:48:15.732988,1117.98761,40.0160711
2020-02-26 11:48:15.815993,1117.98157,40.0175446
2020-02-26 11:48:15.875996,1117.97236,40.0189445
2020-02-26 11:48:15.940000,1117.97086,40.0180604
2020-02-26 11:48:16.007004,1117.96354,40.0190181
2020-02-26 11:48:16.090009,1117.95624,40.0199759
2020-02-26 11:48:16.150012,1117.9502,40.0213758
2020-02-26 11:48:16.211015,1117.94342,40.020639
2020-02-26 11:48:16.276019,1117.93487,40.020639
2020-02-26 11:48:16.365024,1117.93266,40.020712
2020-02-26 11:48:16.425028,1117.92897,40.020343
2020-02-26 11:48:16.486031,1117.92286,40.0197529
2020-02-26 11:48:16.553035,1117.92028,40.0193102
2020-02-26 11:48:16.642040,1117.91571,40.020783
2020-02-26 11:48:16.708044,1117.90849,40.0198246
2020-02-26 11:48:16.773048,1117.90473,40.0200449
2020-02-26 11:48:16.835051,1117.9034,40.0181287
2020-02-26 11:48:16.925056,1117.89559,40.01857
2020-02-26 11:48:16.985060,1117.88807,40.0182747
2020-02-26 11:48:17.052064,1117.87982,40.0157697
2020-02-26 11:48:17.113067,1117.87024,40.0162854
2020-02-26 11:48:17.195072,1117.8667,40.0168011
2020-02-26 11:48:17.256075,1117.86065,40.0178326
2020-02-26 11:48:17.317079,1117.85911,40.0184957
2020-02-26 11:48:17.384083,1117.85638,40.0197482
2020-02-26 11:48:17.467087,1117.84953,40.0193798
2020-02-26 11:48:17.527091,1117.83869,40.0201166
2020-02-26 11:48:17.592094,1117.83501,40.0210007
2020-02-26 11:48:17.658098,1117.83191,40.0210744
2020-02-26 11:48:17.740103,1117.82815,40.0238004
2020-02-26 11:48:17.801106,1117.82292,40.0227689
2020-02-26 11:48:17.862110,1117.81953,40.02299
2020-02-26 11:48:17.923113,1117.81422,40.0216638
2020-02-26 11:48:18.005118,1117.81135,40.0206323
2020-02-26 11:48:18.066122,1117.80238,40.0176853
2020-02-26 11:48:18.131125,1117.79241,40.0165064
2020-02-26 11:48:18.197129,1117.79104,40.0156223
2020-02-26 11:48:18.279134,1117.78454,40.0147382
2020-02-26 11:48:18.341137,1117.78041,40.0163591
2020-02-26 11:48:18.402141,1117.77717,40.0142961
2020-02-26 11:48:18.463144,1117.77208,40.0153276
2020-02-26 11:48:18.545149,1117.76847,40.0140751
2020-02-26 11:48:18.606152,1117.75904,40.0140014
2020-02-26 11:48:18.667156,1117.75278,40.013633
2020-02-26 11:48:18.728159,1117.74953,40.0132647
2020-02-26 11:48:18.813164,1117.74342,40.013633
2020-02-26 11:48:18.873168,1117.73863,40.0137804
2020-02-26 11:48:18.940172,1117.73369,40.0141488
2020-02-26 11:48:19.001175,1117.72934,40.013633
2020-02-26 11:48:19.088180,1117.72234,40.0150329
2020-02-26 11:48:19.153184,1117.71629,40.0146645
2020-02-26 11:48:19.220188,1117.71305,40.0145172
2020-02-26 11:48:19.285191,1117.70922,40.0159907
2020-02-26 11:48:19.368196,1117.70502,40.0156953
2020-02-26 11:48:19.430200,1117.69772,40.0162104
2020-02-26 11:48:19.497203,1117.69249,40.0166518
2020-02-26 11:48:19.556207,1117.68578,40.0183457
2020-02-26 11:48:19.639212,1117.67937,40.0174609
2020-02-26 11:48:19.699215,1117.67215,40.0166498
2020-02-26 11:48:19.760218,1117.66905,40.0153966
2020-02-26 11:48:19.821222,1117.66566,40.0157643
2020-02-26 11:48:19.904227,1117.66242,40.0156163
2020-02-26 11:48:19.964230,1117.65667,40.0140684
2020-02-26 11:48:20.031234,1117.64893,40.0126685
2020-02-26 11:48:20.099238,1117.64731,40.0128159
2020-02-26 11:48:20.182243,1117.6395,40.0150262
2020-02-26 11:48:20.243246,1117.63582,40.0136263
2020-02-26 11:48:20.305250,1117.63088,40.0148788
2020-02-26 11:48:20.371253,1117.62556,40.0145104
2020-02-26 11:48:20.454258,1117.62157,40.0147315
2020-02-26 11:48:20.521262,1117.61521,40.0130369
2020-02-26 11:48:20.582265,1117.60996,40.0131106
2020-02-26 11:48:20.645269,1117.60134,40.0128159
2020-02-26 11:48:20.732274,1117.5995,40.0146578
2020-02-26 11:48:20.792277,1117.59058,40.0168681
2020-02-26 11:48:20.853281,1117.58306,40.0136263
2020-02-26 11:48:20.914284,1117.57938,40.0139947
2020-02-26 11:48:20.999289,1117.574,40.0136263
2020-02-26 11:48:21.060293,1117.57105,40.0134053
2020-02-26 11:48:21.121296,1117.56759,40.0143631
2020-02-26 11:48:21.182300,1117.56412,40.0142894
2020-02-26 11:48:21.264304,1117.55675,40.013921
2020-02-26 11:48:21.325308,1117.54931,40.0129632
2020-02-26 11:48:21.392312,1117.54415,40.0124475
2020-02-26 11:48:21.452315,1117.53789,40.0100898
2020-02-26 11:48:21.537320,1117.53317,40.0088373
2020-02-26 11:48:21.604324,1117.52816,40.0097215
2020-02-26 11:48:21.665327,1117.52558,40.0100162
2020-02-26 11:48:21.726331,1117.52101,40.0095004
2020-02-26 11:48:21.808336,1117.51614,40.0086163
2020-02-26 11:48:21.869339,1117.51076,40.0079532
2020-02-26 11:48:21.931343,1117.50737,40.0071428
2020-02-26 11:48:21.999346,1117.50067,40.0078795
2020-02-26 11:48:22.081351,1117.49801,40.0055219
2020-02-26 11:48:22.142355,1117.48549,40.0055956
2020-02-26 11:48:22.209359,1117.48033,40.0070691
2020-02-26 11:48:22.275362,1117.47841,40.0057429
2020-02-26 11:48:22.361367,1117.47509,40.0042665
2020-02-26 11:48:22.422371,1117.46905,40.0038215
2020-02-26 11:48:22.486374,1117.4647,40.0043344
2020-02-26 11:48:22.547378,1117.45962,40.0045525
2020-02-26 11:48:22.629383,1117.45276,40.0060231
2020-02-26 11:48:22.693386,1117.44842,40.0058729
2020-02-26 11:48:22.758390,1117.4454,40.0063857
2020-02-26 11:48:22.819393,1117.4397,40.0074143
2020-02-26 11:48:22.902398,1117.43543,40.0080745
2020-02-26 11:48:22.963402,1117.42817,40.0092504
2020-02-26 11:48:23.025405,1117.42294,40.0101345
2020-02-26 11:48:23.085409,1117.41984,40.0118291
2020-02-26 11:48:23.170413,1117.41225,40.0121975
2020-02-26 11:48:23.231417,1117.40422,40.0135973
2020-02-26 11:48:23.295421,1117.40024,40.0130816
2020-02-26 11:48:23.365425,1117.39825,40.0144078
2020-02-26 11:48:23.452430,1117.39257,40.0163234
2020-02-26 11:48:23.513433,1117.39066,40.0158813
2020-02-26 11:48:23.580437,1117.38299,40.0145551
2020-02-26 11:48:23.639440,1117.37894,40.0137447
2020-02-26 11:48:23.722445,1117.37562,40.0131553
2020-02-26 11:48:23.789449,1117.36862,40.0117554
2020-02-26 11:48:23.849452,1117.36221,40.0110923
2020-02-26 11:48:23.909456,1117.3572,40.0089557
2020-02-26 11:48:23.992460,1117.35388,40.0082926
2020-02-26 11:48:24.052464,1117.34916,40.0067454
2020-02-26 11:48:24.113467,1117.3429,40.0053455
2020-02-26 11:48:24.180471,1117.34047,40.0035773
2020-02-26 11:48:24.268476,1117.33442,40.003651
2020-02-26 11:48:24.329480,1117.32772,40.0020301
2020-02-26 11:48:24.395484,1117.32145,40.001367
2020-02-26 11:48:24.461487,1117.31696,40.0017354
2020-02-26 11:48:24.544492,1117.3101,40.0015144
2020-02-26 11:48:24.605496,1117.30539,40.0016617
2020-02-26 11:48:24.666499,1117.30406,40.0015144
2020-02-26 11:48:24.731503,1117.30052,40.0024722
2020-02-26 11:48:24.813507,1117.29846,40.0025458
2020-02-26 11:48:24.880511,1117.28844,40.0041667
2020-02-26 11:48:24.940515,1117.28158,40.003872
2020-02-26 11:48:25.007519,1117.27875,40.0047561
2020-02-26 11:48:25.089523,1117.27379,40.0043141
2020-02-26 11:48:25.156527,1117.26386,40.0043141
2020-02-26 11:48:25.217531,1117.26011,40.0037247
2020-02-26 11:48:25.284534,1117.25562,40.0044614
2020-02-26 11:48:25.367539,1117.24847,40.0045347
2020-02-26 11:48:25.427543,1117.24641,40.0023977
2020-02-26 11:48:25.488546,1117.24073,40.002692
2020-02-26 11:48:25.555550,1117.23712,40.00306
2020-02-26 11:48:25.637555,1117.23402,40.0023965
2020-02-26 11:48:25.698558,1117.22813,40.001291
2020-02-26 11:48:25.763562,1117.22194,40.001659
2020-02-26 11:48:25.830566,1117.22046,40.0012902
2020-02-26 11:48:25.917571,1117.21553,40.0019529
2020-02-26 11:48:25.984574,1117.2086,40.0005527
2020-02-26 11:48:26.045578,1117.2041,40.0007
2020-02-26 11:48:26.111582,1117.19887,40.0023946
2020-02-26 11:48:26.205587,1117.19275,40.0024683
2020-02-26 11:48:26.266591,1117.18767,40.0026893
2020-02-26 11:48:26.333594,1117.18428,40.0048259
2020-02-26 11:48:26.401598,1117.17801,40.0056364
2020-02-26 11:48:26.483603,1117.17389,40.0070362
2020-02-26 11:48:26.544606,1117.16718,40.0064468
2020-02-26 11:48:26.606610,1117.16482,40.0058574
2020-02-26 11:48:26.676614,1117.1604,40.0071836
2020-02-26 11:48:26.758619,1117.15627,40.0070362
2020-02-26 11:48:26.818622,1117.14868,40.0062258
2020-02-26 11:48:26.880626,1117.14654,40.0065942
2020-02-26 11:48:26.940629,1117.14065,40.0049733
2020-02-26 11:48:27.024634,1117.13409,40.0030577
2020-02-26 11:48:27.088638,1117.12591,40.0028367
2020-02-26 11:48:27.153641,1117.122,40.0003317
2020-02-26 11:48:27.215645,1117.11515,40.0003317
2020-02-26 11:48:27.298650,1117.11323,39.9999633
2020-02-26 11:48:27.358653,1117.10855,39.9997422
2020-02-26 11:48:27.421657,1117.10436,39.9982687
2020-02-26 11:48:27.487660,1117.10292,39.9984161
2020-02-26 11:48:27.571665,1117.09317,39.9976793
2020-02-26 11:48:27.632669,1117.08831,39.9980477
2020-02-26 11:48:27.699673,1117.08499,39.9993002
2020-02-26 11:48:27.758676,1117.0816,40.0007737
2020-02-26 11:48:27.841681,1117.07681,40.0020999
2020-02-26 11:48:27.908684,1117.06937,40.0029103
2020-02-26 11:48:27.967688,1117.06575,40.0022472
2020-02-26 11:48:28.034692,1117.06155,40.0015105
2020-02-26 11:48:28.117696,1117.05956,40.0003317
2020-02-26 11:48:28.183700,1117.05418,40.0008474
2020-02-26 11:48:28.243704,1117.04902,40.0001843
2020-02-26 11:48:28.304707,1117.04711,40.0001106
2020-02-26 11:48:28.389712,1117.03819,39.9995205
2020-02-26 11:48:28.449715,1117.03229,39.9980463
2020-02-26 11:48:28.511719,1117.02964,39.9978983
2020-02-26 11:48:28.572722,1117.0247,39.9973819
2020-02-26 11:48:28.654727,1117.02264,39.9979706
2020-02-26 11:48:28.715731,1117.01741,39.9992225
2020-02-26 11:48:28.780734,1117.01586,40.0015795
2020-02-26 11:48:28.846738,1117.00945,39.9999579
2020-02-26 11:48:28.929743,1117.00016,39.9995152
2020-02-26 11:48:28.991746,1116.99522,39.9994408
2020-02-26 11:48:29.057750,1116.98911,39.9986304
2020-02-26 11:48:29.118754,1116.9841,39.9986304
2020-02-26 11:48:29.203759,1116.98211,39.9978199
2020-02-26 11:48:29.264762,1116.97724,39.9961254
2020-02-26 11:48:29.325766,1116.97304,39.9984094
2020-02-26 11:48:29.386769,1116.96965,39.9976726
2020-02-26 11:48:29.469774,1116.96516,39.9969358
2020-02-26 11:48:29.529777,1116.95955,39.9970095
2020-02-26 11:48:29.590781,1116.95683,39.9978199
2020-02-26 11:48:29.651784,1116.95192,39.9971569
2020-02-26 11:48:29.734789,1116.94691,39.9972305
2020-02-26 11:48:29.794792,1116.93865,39.9960517
2020-02-26 11:48:29.860796,1116.93441,39.9954623
2020-02-26 11:48:29.926800,1116.93197,39.995978
2020-02-26 11:48:30.008805,1116.92733,39.9927363
2020-02-26 11:48:30.082809,1116.92055,39.9918521
2020-02-26 11:48:30.137812,1116.91893,39.9913364
2020-02-26 11:48:30.198815,1116.9123,39.9906733
2020-02-26 11:48:30.281820,1116.91001,39.9885367
2020-02-26 11:48:30.341824,1116.90493,39.9894945
2020-02-26 11:48:30.402827,1116.89844,39.9889051
2020-02-26 11:48:30.464831,1116.89675,39.988684
2020-02-26 11:48:30.544835,1116.88827,39.9903049
2020-02-26 11:48:30.605839,1116.8826,39.9910417
2020-02-26 11:48:30.669842,1116.8809,39.9916311
2020-02-26 11:48:30.735846,1116.87567,39.9921468
2020-02-26 11:48:30.820851,1116.87198,39.9923679
2020-02-26 11:48:30.885855,1116.86955,39.9927363
2020-02-26 11:48:30.951859,1116.86314,39.9949466
2020-02-26 11:48:31.012862,1116.85629,39.9931783
2020-02-26 11:48:31.094867,1116.85415,39.9933257
2020-02-26 11:48:31.155870,1116.84597,39.993473
2020-02-26 11:48:31.219874,1116.84177,39.993473
2020-02-26 11:48:31.280877,1116.84029,39.9925152
2020-02-26 11:48:31.369882,1116.83521,39.9931754
2020-02-26 11:48:31.430886,1116.83086,39.9922147
2020-02-26 11:48:31.491889,1116.82872,39.9924329
2020-02-26 11:48:31.552893,1116.82518,39.9933878
2020-02-26 11:48:31.635898,1116.82231,39.9926481
2020-02-26 11:48:31.696901,1116.81524,39.9929399
2020-02-26 11:48:31.759905,1116.81229,39.9923476
2020-02-26 11:48:31.825909,1116.80315,39.9927131
2020-02-26 11:48:31.907913,1116.79593,39.991605
2020-02-26 11:48:31.968917,1116.79122,39.9921179
2020-02-26 11:48:32.035921,1116.78865,39.9916758
2020-02-26 11:48:32.096924,1116.78266,39.9927073
2020-02-26 11:48:32.178929,1116.77898,39.9921179
2020-02-26 11:48:32.240932,1116.77586,39.9902759
2020-02-26 11:48:32.301936,1116.77099,39.9910864
2020-02-26 11:48:32.368940,1116.76996,39.9926336
2020-02-26 11:48:32.455945,1116.76362,39.9927073
2020-02-26 11:48:32.516948,1116.75876,39.9921915
2020-02-26 11:48:32.583952,1116.75692,39.9921915
2020-02-26 11:48:32.642955,1116.75323,39.9916758
2020-02-26 11:48:32.725960,1116.74741,39.9904233
2020-02-26 11:48:32.786964,1116.74336,39.9892445
2020-02-26 11:48:32.848967,1116.73584,39.9898339
2020-02-26 11:48:32.909971,1116.7312,39.9921915
2020-02-26 11:48:32.991975,1116.72567,39.9911601
2020-02-26 11:48:33.053979,1116.72132,39.9896865
2020-02-26 11:48:33.113982,1116.71867,39.9898339
2020-02-26 11:48:33.174986,1116.71439,39.9900549
2020-02-26 11:48:33.257990,1116.71145,39.9888761
2020-02-26 11:48:33.322994,1116.70371,39.988434
2020-02-26 11:48:33.388998,1116.70046,39.9899076
2020-02-26 11:48:33.453002,1116.69634,39.990939
2020-02-26 11:48:33.536006,1116.69074,39.9903496
2020-02-26 11:48:33.597010,1116.68469,39.9891708
2020-02-26 11:48:33.658013,1116.68314,39.9890971
2020-02-26 11:48:33.726017,1116.67828,39.9895392
2020-02-26 11:48:33.809022,1116.6729,39.9888024
2020-02-26 11:48:33.869025,1116.67017,39.9899812
2020-02-26 11:48:33.935029,1116.66546,39.9910864
2020-02-26 11:48:33.996033,1116.66236,39.9905707
2020-02-26 11:48:34.078037,1116.65868,39.9892445
2020-02-26 11:48:34.138041,1116.65168,39.9881393
2020-02-26 11:48:34.205045,1116.64836,39.9885814
2020-02-26 11:48:34.266048,1116.64423,39.9871079
2020-02-26 11:48:34.349053,1116.64007,39.9869627
2020-02-26 11:48:34.409056,1116.63273,39.9849757
2020-02-26 11:48:34.472060,1116.62717,39.9871882
2020-02-26 11:48:34.540064,1116.62227,39.9860853
2020-02-26 11:48:34.622068,1116.6171,39.9835825
2020-02-26 11:48:34.689072,1116.61246,39.9846162
2020-02-26 11:48:34.749076,1116.60796,39.9849868
2020-02-26 11:48:34.816080,1116.60406,39.984768
2020-02-26 11:48:34.899084,1116.59926,39.9856544
2020-02-26 11:48:34.959088,1116.59558,39.986246
2020-02-26 11:48:35.020091,1116.59337,39.986246
2020-02-26 11:48:35.081095,1116.58814,39.9888247
2020-02-26 11:48:35.163099,1116.58762,39.9872038
2020-02-26 11:48:35.224103,1116.58025,39.9869091
2020-02-26 11:48:35.285106,1116.5745,39.9902245
2020-02-26 11:48:35.352110,1116.5717,39.9894141
2020-02-26 11:48:35.439115,1116.56573,39.9882353
2020-02-26 11:48:35.500119,1116.56293,39.9883826
2020-02-26 11:48:35.567123,1116.55932,39.986246
2020-02-26 11:48:35.627126,1116.55637,39.9866144
2020-02-26 11:48:35.709131,1116.55269,39.9866144
2020-02-26 11:48:35.770134,1116.54731,39.9852145
2020-02-26 11:48:35.836138,1116.54141,39.9846251
2020-02-26 11:48:35.903142,1116.53802,39.9838147
2020-02-26 11:48:35.985146,1116.53338,39.9806466
2020-02-26 11:48:36.053150,1116.52756,39.9808676
2020-02-26 11:48:36.122154,1116.5238,39.9807203
2020-02-26 11:48:36.178157,1116.51834,39.9808676
2020-02-26 11:48:36.260162,1116.51304,39.9819728
2020-02-26 11:48:36.320166,1116.50581,39.9820464
2020-02-26 11:48:36.385169,1116.50007,39.9823411
2020-02-26 11:48:36.452173,1116.50058,39.9820464
2020-02-26 11:48:36.534178,1116.49749,39.981015
2020-02-26 11:48:36.594181,1116.49071,39.9816044
2020-02-26 11:48:36.655185,1116.48846,39.9843304
2020-02-26 11:48:36.717188,1116.4829,39.9852145
2020-02-26 11:48:36.799193,1116.47944,39.9855092
2020-02-26 11:48:36.859196,1116.47543,39.9868354
2020-02-26 11:48:36.920200,1116.47223,39.9857303
2020-02-26 11:48:36.981203,1116.46751,39.9850672
2020-02-26 11:48:37.064208,1116.46589,39.983962
2020-02-26 11:48:37.124212,1116.46,39.9833726
2020-02-26 11:48:37.192215,1116.45417,39.9842567
2020-02-26 11:48:37.251219,1116.45159,39.9844041
2020-02-26 11:48:37.334224,1116.44577,39.9821935
2020-02-26 11:48:37.400227,1116.44135,39.9807934
2020-02-26 11:48:37.461231,1116.43884,39.9821193
2020-02-26 11:48:37.529235,1116.43295,39.9809402
2020-02-26 11:48:37.609239,1116.42779,39.9821187
2020-02-26 11:48:37.670243,1116.4199,39.9830762
2020-02-26 11:48:37.732246,1116.41666,39.9840337
2020-02-26 11:48:37.798250,1116.41438,39.9849912
2020-02-26 11:48:37.882255,1116.40878,39.9843279
2020-02-26 11:48:37.943258,1116.40796,39.9854327
2020-02-26 11:48:38.006262,1116.40487,39.9861695
2020-02-26 11:48:38.066265,1116.39897,39.9877904
2020-02-26 11:48:38.148270,1116.39544,39.9872747
2020-02-26 11:48:38.215274,1116.38667,39.9863905
2020-02-26 11:48:38.275277,1116.38261,39.9863169
2020-02-26 11:48:38.342281,1116.3807,39.9858748
2020-02-26 11:48:38.425286,1116.3765,39.9863169
2020-02-26 11:48:38.486289,1116.37185,39.9855801
2020-02-26 11:48:38.553293,1116.3689,39.9858011
2020-02-26 11:48:38.614297,1116.36301,39.9847697
2020-02-26 11:48:38.696302,1116.36006,39.9855064
2020-02-26 11:48:38.763305,1116.35416,39.9860222
2020-02-26 11:48:38.824309,1116.34945,39.9866852
2020-02-26 11:48:38.891313,1116.34591,39.9881588
2020-02-26 11:48:38.974317,1116.34414,39.9860958
2020-02-26 11:48:39.034321,1116.34169,39.9866116
2020-02-26 11:48:39.101325,1116.3354,39.9860222
2020-02-26 11:48:39.162328,1116.33143,39.9856538
2020-02-26 11:48:39.246333,1116.32496,39.9869799
2020-02-26 11:48:39.307336,1116.31928,39.9863169
2020-02-26 11:48:39.370340,1116.31508,39.9854327
2020-02-26 11:48:39.441344,1116.31059,39.9830014
2020-02-26 11:48:39.522349,1116.30602,39.9807174
2020-02-26 11:48:39.586352,1116.30049,39.9794649
2020-02-26 11:48:39.647356,1116.29806,39.9810121
2020-02-26 11:48:39.708359,1116.29688,39.9808648
2020-02-26 11:48:39.796364,1116.29061,39.9795386
2020-02-26 11:48:39.857368,1116.28752,39.9806438
2020-02-26 11:48:39.924372,1116.28133,39.9794649
2020-02-26 11:48:39.984375,1116.27779,39.9785071
2020-02-26 11:48:40.066380,1116.27447,39.9782861
2020-02-26 11:48:40.126383,1116.27042,39.9786545
2020-02-26 11:48:40.194387,1116.26342,39.9804964
2020-02-26 11:48:40.255391,1116.26165,39.9818226
2020-02-26 11:48:40.337395,1116.25612,39.9816745
2020-02-26 11:48:40.397399,1116.25015,39.9810843
2020-02-26 11:48:40.465403,1116.24787,39.9817466
2020-02-26 11:48:40.524406,1116.24544,39.9813774
2020-02-26 11:48:40.606411,1116.24264,39.9813766
2020-02-26 11:48:40.667414,1116.2405,39.9813022
2020-02-26 11:48:40.729418,1116.23696,39.9835854
2020-02-26 11:48:40.796422,1116.23033,39.9828478
2020-02-26 11:48:40.878426,1116.22804,39.9807105
2020-02-26 11:48:40.938430,1116.22141,39.9784994
2020-02-26 11:48:41.010434,1116.21655,39.9787204
2020-02-26 11:48:41.080438,1116.21249,39.9774679
2020-02-26 11:48:41.163443,1116.20859,39.9765838
2020-02-26 11:48:41.223446,1116.20461,39.9762154
2020-02-26 11:48:41.286450,1116.20114,39.9769522
2020-02-26 11:48:41.356454,1116.19954,39.9786467
2020-02-26 11:48:41.444459,1116.19177,39.9762891
