Date_Time,RTD,Rsamp
2020-12-18 13:30:44.078126,1095.13226,37.6930863
2020-12-18 13:30:44.625157,1095.13628,37.6970648
2020-12-18 13:30:45.168188,1095.13009,37.6925618
2020-12-18 13:30:45.719220,1095.13348,37.6924012
2020-12-18 13:30:46.262251,1095.13237,37.692917
2020-12-18 13:30:46.819283,1095.13061,37.6969691
2020-12-18 13:30:47.380315,1095.13289,37.6943168
2020-12-18 13:30:47.938347,1095.13142,37.69358
2020-12-18 13:30:48.488378,1095.13466,37.6926223
2020-12-18 13:30:49.025409,1095.13385,37.6946115
2020-12-18 13:30:49.570440,1095.13473,37.6938747
2020-12-18 13:30:50.125472,1095.13105,37.6937274
2020-12-18 13:30:50.671503,1095.13363,37.6914435
2020-12-18 13:30:51.214534,1095.13223,37.6895298
2020-12-18 13:30:51.775566,1095.13495,37.6924039
2020-12-18 13:30:52.338598,1095.1309,37.6999925
2020-12-18 13:30:52.896630,1095.13333,37.7000661
2020-12-18 13:30:53.455662,1095.12884,37.6961613
2020-12-18 13:30:54.014694,1095.13355,37.6926986
2020-12-18 13:30:54.564726,1095.13598,37.6908567
2020-12-18 13:30:55.108757,1095.13392,37.6917408
2020-12-18 13:30:55.652788,1095.13488,37.6915935
2020-12-18 13:30:56.203819,1095.13208,37.6943931
2020-12-18 13:30:56.741850,1095.13466,37.6905639
2020-12-18 13:30:57.289881,1095.13186,37.69381
2020-12-18 13:30:57.842913,1095.1309,37.6929259
2020-12-18 13:30:58.385944,1095.13289,37.6920418
2020-12-18 13:30:58.945976,1095.13466,37.6914524
2020-12-18 13:30:59.507008,1095.13304,37.6931493
2020-12-18 13:31:00.050039,1095.13127,37.6899265
2020-12-18 13:31:00.651074,1095.12936,37.6925075
2020-12-18 13:31:01.247108,1095.13348,37.6902236
2020-12-18 13:31:01.800139,1095.13127,37.688308
2020-12-18 13:31:02.358171,1095.13253,37.6947178
2020-12-18 13:31:02.924204,1095.13231,37.696041
2020-12-18 13:31:03.474235,1095.1343,37.688157
2020-12-18 13:31:04.014266,1095.13106,37.6958929
2020-12-18 13:31:04.556297,1095.13023,37.6928723
2020-12-18 13:31:05.108329,1095.13281,37.6908093
2020-12-18 13:31:05.657360,1095.13237,37.6910288
2020-12-18 13:31:06.202391,1095.13443,37.6942694
2020-12-18 13:31:06.758423,1095.13201,37.69368
2020-12-18 13:31:07.305454,1095.13053,37.6963323
2020-12-18 13:31:07.854486,1095.13296,37.6953009
2020-12-18 13:31:08.405517,1095.13282,37.6919789
2020-12-18 13:31:08.952549,1095.13289,37.6938054
2020-12-18 13:31:09.503580,1095.13097,37.6903426
2020-12-18 13:31:10.056612,1095.1334,37.6924056
2020-12-18 13:31:10.615644,1095.1306,37.6915951
2020-12-18 13:31:11.154674,1095.13104,37.6938791
2020-12-18 13:31:11.697706,1095.12942,37.696163
2020-12-18 13:31:12.259738,1095.13311,37.6916688
2020-12-18 13:31:12.805769,1095.13009,37.6938791
2020-12-18 13:31:13.349800,1095.12836,37.6979312
2020-12-18 13:31:13.896831,1095.13646,37.6971208
2020-12-18 13:31:14.457863,1095.13116,37.6988172
2020-12-18 13:31:15.012895,1095.12976,37.6913768
2020-12-18 13:31:15.560926,1095.13072,37.6886508
2020-12-18 13:31:16.108958,1095.13234,37.6887244
2020-12-18 13:31:16.647989,1095.13153,37.6890928
2020-12-18 13:31:17.190020,1095.13226,37.6949869
2020-12-18 13:31:17.740051,1095.12993,37.6954289
2020-12-18 13:31:18.300083,1095.1303,37.6943974
2020-12-18 13:31:18.846114,1095.1275,37.6903453
2020-12-18 13:31:19.387145,1095.13037,37.6927766
2020-12-18 13:31:19.957178,1095.12794,37.6917451
2020-12-18 13:31:20.497209,1095.1303,37.6913031
2020-12-18 13:31:21.041240,1095.13096,37.6887244
2020-12-18 13:31:21.605272,1095.12919,37.6929239
2020-12-18 13:31:22.141303,1095.12906,37.693808
2020-12-18 13:31:22.689334,1095.12911,37.6956499
2020-12-18 13:31:23.253366,1095.12816,37.6917627
2020-12-18 13:31:23.800398,1095.13184,37.6869782
2020-12-18 13:31:24.344429,1095.13442,37.6944931
2020-12-18 13:31:24.905461,1095.1244,37.6936827
2020-12-18 13:31:25.453492,1095.13015,37.6901463
2020-12-18 13:31:26.004524,1095.13177,37.6928723
2020-12-18 13:31:26.545555,1095.13274,37.69383
2020-12-18 13:31:27.106587,1095.13075,37.6892622
2020-12-18 13:31:27.646618,1095.12913,37.6894095
2020-12-18 13:31:28.183648,1095.12913,37.6890411
2020-12-18 13:31:28.732680,1095.12542,37.6913987
2020-12-18 13:31:29.281711,1095.13019,37.6927249
2020-12-18 13:31:29.820742,1095.12931,37.6922828
2020-12-18 13:31:30.382774,1095.12547,37.6948615
2020-12-18 13:31:30.928805,1095.13071,37.6943458
2020-12-18 13:31:31.480837,1095.12511,37.6886728
2020-12-18 13:31:32.028868,1095.12746,37.6865362
2020-12-18 13:31:32.566899,1095.12923,37.6922828
2020-12-18 13:31:33.126931,1095.12503,37.6893358
2020-12-18 13:31:33.674963,1095.12798,37.6941984
2020-12-18 13:31:34.210993,1095.12982,37.6950088
2020-12-18 13:31:34.767025,1095.12525,37.6944181
2020-12-18 13:31:35.316056,1095.12872,37.6928696
2020-12-18 13:31:35.857087,1095.12673,37.6933853
2020-12-18 13:31:36.401118,1095.12931,37.6922802
2020-12-18 13:31:36.962151,1095.12791,37.6963323
2020-12-18 13:31:37.528183,1095.1284,37.6937526
2020-12-18 13:31:38.088215,1095.12829,37.6881507
2020-12-18 13:31:38.647247,1095.12859,37.6919818
2020-12-18 13:31:39.211279,1095.13124,37.6894769
2020-12-18 13:31:39.759311,1095.12835,37.6894769
2020-12-18 13:31:40.302342,1095.12682,37.6897713
2020-12-18 13:31:40.871374,1095.13094,37.6947788
2020-12-18 13:31:41.419406,1095.12689,37.6934527
2020-12-18 13:31:41.968437,1095.12645,37.6945578
2020-12-18 13:31:42.523469,1095.1306,37.6900636
2020-12-18 13:31:43.065500,1095.13052,37.6863798
2020-12-18 13:31:43.601530,1095.12581,37.690653
2020-12-18 13:31:44.138561,1095.13052,37.6932317
2020-12-18 13:31:44.685592,1095.1303,37.6922002
2020-12-18 13:31:45.233624,1095.1292,37.6955893
2020-12-18 13:31:45.775655,1095.12935,37.6916108
2020-12-18 13:31:46.335687,1095.12507,37.6893269
2020-12-18 13:31:46.895719,1095.1275,37.6919055
2020-12-18 13:31:47.441750,1095.13052,37.6916845
2020-12-18 13:31:47.981781,1095.12979,37.6938211
2020-12-18 13:31:48.546813,1095.12529,37.6936
2020-12-18 13:31:49.126846,1095.12709,37.6919866
2020-12-18 13:31:49.682878,1095.1237,37.6875833
2020-12-18 13:31:50.256911,1095.12776,37.6902356
2020-12-18 13:31:50.799942,1095.13137,37.6886147
2020-12-18 13:31:51.342973,1095.12894,37.69333
2020-12-18 13:31:51.902005,1095.12923,37.6974558
2020-12-18 13:31:52.450036,1095.12754,37.6932587
2020-12-18 13:31:52.993067,1095.12363,37.6942904
2020-12-18 13:31:53.567100,1095.12725,37.6911224
2020-12-18 13:31:54.122132,1095.13395,37.6890595
2020-12-18 13:31:54.691165,1095.12621,37.6925222
2020-12-18 13:31:55.236196,1095.12776,37.6914907
2020-12-18 13:31:55.781227,1095.12371,37.6895752
2020-12-18 13:31:56.337259,1095.12644,37.6918591
2020-12-18 13:31:56.882290,1095.13181,37.6911224
2020-12-18 13:31:57.423321,1095.12725,37.6885437
2020-12-18 13:31:57.984353,1095.13078,37.6893542
2020-12-18 13:31:58.532384,1095.1296,37.690754
2020-12-18 13:31:59.071415,1095.12784,37.6904593
2020-12-18 13:31:59.620447,1095.12629,37.6936273
2020-12-18 13:32:00.176478,1095.12614,37.6881017
2020-12-18 13:32:00.741511,1095.12828,37.6934063
2020-12-18 13:32:01.289542,1095.12629,37.6931853
2020-12-18 13:32:01.831573,1095.13019,37.6937747
2020-12-18 13:32:02.381604,1095.12714,37.6886911
2020-12-18 13:32:02.937636,1095.12626,37.6896489
2020-12-18 13:32:03.480667,1095.12759,37.6893542
2020-12-18 13:32:04.032699,1095.12545,37.6883227
2020-12-18 13:32:04.584730,1095.12759,37.6898699
2020-12-18 13:32:05.132762,1095.12788,37.6915644
2020-12-18 13:32:05.681793,1095.12663,37.6891331
2020-12-18 13:32:06.226824,1095.12722,37.6921538
2020-12-18 13:32:06.782856,1095.1267,37.6906066
2020-12-18 13:32:07.329888,1095.12869,37.6925222
2020-12-18 13:32:07.880919,1095.13083,37.6898699
2020-12-18 13:32:08.428950,1095.12302,37.6911224
2020-12-18 13:32:08.979982,1095.12921,37.6860388
2020-12-18 13:32:09.529013,1095.12943,37.6886848
2020-12-18 13:32:10.077045,1095.12634,37.6892595
2020-12-18 13:32:10.627076,1095.12811,37.690291
2020-12-18 13:32:11.174107,1095.12731,37.6916908
2020-12-18 13:32:11.740140,1095.12753,37.6878597
2020-12-18 13:32:12.295172,1095.13151,37.6904383
2020-12-18 13:32:12.837203,1095.12333,37.6898489
2020-12-18 13:32:13.382234,1095.12858,37.6895542
2020-12-18 13:32:13.930265,1095.1241,37.6871966
2020-12-18 13:32:14.486297,1095.12889,37.6898489
2020-12-18 13:32:15.050329,1095.12653,37.6884491
2020-12-18 13:32:15.592360,1095.12641,37.6890385
2020-12-18 13:32:16.130391,1095.12747,37.6916908
2020-12-18 13:32:16.700423,1095.12754,37.6885227
2020-12-18 13:32:17.257455,1095.12968,37.6897752
2020-12-18 13:32:17.805487,1095.12619,37.6894805
2020-12-18 13:32:18.348518,1095.12403,37.6899324
2020-12-18 13:32:18.901549,1095.12764,37.6919365
2020-12-18 13:32:19.447581,1095.12535,37.6923785
2020-12-18 13:32:20.010613,1095.12963,37.6943677
2020-12-18 13:32:20.573645,1095.12835,37.6892841
2020-12-18 13:32:21.147678,1095.12666,37.6920838
2020-12-18 13:32:21.721711,1095.12843,37.6918628
2020-12-18 13:32:22.265742,1095.12623,37.6897999
2020-12-18 13:32:22.807773,1095.1257,37.6905366
2020-12-18 13:32:23.383806,1095.12474,37.6923785
2020-12-18 13:32:23.933837,1095.12695,37.6899472
2020-12-18 13:32:24.473868,1095.1271,37.6897262
2020-12-18 13:32:25.016899,1095.12584,37.6891368
2020-12-18 13:32:25.571931,1095.12518,37.6924522
2020-12-18 13:32:26.115962,1095.12717,37.6897999
2020-12-18 13:32:26.679994,1095.12357,37.6885474
2020-12-18 13:32:27.231026,1095.128,37.6875877
2020-12-18 13:32:27.777057,1095.1269,37.691197
2020-12-18 13:32:28.332089,1095.12616,37.6871449
2020-12-18 13:32:28.895121,1095.12616,37.6876606
2020-12-18 13:32:29.450153,1095.12245,37.6953229
2020-12-18 13:32:30.000184,1095.12474,37.6947335
2020-12-18 13:32:30.543215,1095.13012,37.6945124
2020-12-18 13:32:31.095247,1095.1251,37.6956176
2020-12-18 13:32:31.644278,1095.12486,37.6923022
2020-12-18 13:32:32.190309,1095.12236,37.6925969
2020-12-18 13:32:32.753342,1095.12435,37.6912702
2020-12-18 13:32:33.301373,1095.12391,37.6900893
2020-12-18 13:32:33.851404,1095.12258,37.6915628
2020-12-18 13:32:34.396436,1095.12472,37.6892051
2020-12-18 13:32:34.954468,1095.12214,37.6918575
2020-12-18 13:32:35.518500,1095.12855,37.693331
2020-12-18 13:32:36.074532,1095.12516,37.6889673
2020-12-18 13:32:36.626563,1095.12656,37.6927943
2020-12-18 13:32:37.169594,1095.12523,37.6952255
2020-12-18 13:32:37.740627,1095.12596,37.6930153
2020-12-18 13:32:38.283658,1095.12605,37.6922785
2020-12-18 13:32:38.826689,1095.12487,37.6880774
2020-12-18 13:32:39.387721,1095.12472,37.6892552
2020-12-18 13:32:39.926752,1095.12487,37.6919075
2020-12-18 13:32:40.475783,1095.12384,37.6872659
2020-12-18 13:32:41.014814,1095.12745,37.6869712
2020-12-18 13:32:41.573846,1095.12583,37.6860032
2020-12-18 13:32:42.116877,1095.1271,37.6901136
2020-12-18 13:32:42.660908,1095.12271,37.6911451
2020-12-18 13:32:43.221940,1095.12632,37.6868719
2020-12-18 13:32:43.767972,1095.1258,37.687756
2020-12-18 13:32:44.312003,1095.12145,37.6889346
2020-12-18 13:32:44.866034,1095.12506,37.6887114
2020-12-18 13:32:45.416066,1095.12492,37.6887848
2020-12-18 13:32:45.959097,1095.12241,37.687385
2020-12-18 13:32:46.512129,1095.12455,37.6898163
2020-12-18 13:32:47.065160,1095.12308,37.6898163
2020-12-18 13:32:47.610191,1095.12153,37.6895197
2020-12-18 13:32:48.173224,1095.12396,37.6914345
2020-12-18 13:32:48.715255,1095.12175,37.6911398
2020-12-18 13:32:49.262286,1095.1205,37.6912135
2020-12-18 13:32:49.823318,1095.12662,37.6891505
2020-12-18 13:32:50.372349,1095.12684,37.6894452
2020-12-18 13:32:50.929381,1095.12264,37.6903293
2020-12-18 13:32:51.474412,1095.12285,37.6898873
2020-12-18 13:32:52.024444,1095.1244,37.687677
2020-12-18 13:32:52.565475,1095.12661,37.6925396
2020-12-18 13:32:53.103506,1095.12669,37.6862035
2020-12-18 13:32:53.644537,1095.12455,37.6912871
2020-12-18 13:32:54.198568,1095.12285,37.6910661
2020-12-18 13:32:54.744599,1095.12101,37.6917292
2020-12-18 13:32:55.291631,1095.123,37.6861299
2020-12-18 13:32:55.842662,1095.12492,37.6918029
2020-12-18 13:32:56.393694,1095.12617,37.689791
2020-12-18 13:32:56.943725,1095.12344,37.6857332
2020-12-18 13:32:57.486756,1095.12138,37.6897116
2020-12-18 13:32:58.046788,1095.12367,37.6905221
2020-12-18 13:32:58.596820,1095.125,37.6876487
2020-12-18 13:32:59.141851,1095.12507,37.6911851
2020-12-18 13:32:59.694883,1095.12367,37.6863963
2020-12-18 13:33:00.246914,1095.12241,37.687133
2020-12-18 13:33:00.795946,1095.11946,37.6860279
2020-12-18 13:33:01.354978,1095.12396,37.6891222
2020-12-18 13:33:01.903009,1095.12285,37.6870585
2020-12-18 13:33:02.457041,1095.12282,37.692656
2020-12-18 13:33:03.006072,1095.12474,37.6846254
2020-12-18 13:33:03.553103,1095.12415,37.6860252
2020-12-18 13:33:04.105135,1095.12105,37.6914035
2020-12-18 13:33:04.676168,1095.12149,37.6905935
2020-12-18 13:33:05.235200,1095.12525,37.6914068
2020-12-18 13:33:05.799232,1095.12304,37.687134
2020-12-18 13:33:06.344263,1095.12113,37.6874287
2020-12-18 13:33:06.888294,1095.11723,37.6866183
2020-12-18 13:33:07.443326,1095.12408,37.6864709
2020-12-18 13:33:07.987357,1095.1246,37.6884019
2020-12-18 13:33:08.550389,1095.12298,37.6907661
2020-12-18 13:33:09.109421,1095.12097,37.689661
2020-12-18 13:33:09.656452,1095.12289,37.6909871
2020-12-18 13:33:10.220485,1095.12406,37.6883348
2020-12-18 13:33:10.762516,1095.12163,37.689957
2020-12-18 13:33:11.307547,1095.12083,37.6901057
2020-12-18 13:33:11.870579,1095.12245,37.690253
2020-12-18 13:33:12.412610,1095.12296,37.6883375
2020-12-18 13:33:12.957641,1095.12164,37.6889269
2020-12-18 13:33:13.522674,1095.12186,37.6926098
2020-12-18 13:33:14.106707,1095.1195,37.6943025
2020-12-18 13:33:14.666739,1095.12238,37.6878927
2020-12-18 13:33:15.215770,1095.12267,37.6914292
2020-12-18 13:33:15.780803,1095.12113,37.687377
2020-12-18 13:33:16.340835,1095.12105,37.6895139
2020-12-18 13:33:16.902867,1095.1198,37.690474
2020-12-18 13:33:17.447898,1095.12076,37.6878217
2020-12-18 13:33:17.998930,1095.1164,37.6836222
2020-12-18 13:33:18.545961,1095.12052,37.6838433
2020-12-18 13:33:19.089992,1095.12266,37.6870113
2020-12-18 13:33:19.631023,1095.11993,37.6865692
2020-12-18 13:33:20.194055,1095.12052,37.6924633
2020-12-18 13:33:20.740086,1095.11919,37.6892216
2020-12-18 13:33:21.279117,1095.11816,37.6881164
2020-12-18 13:33:21.821148,1095.1186,37.6893689
2020-12-18 13:33:22.398181,1095.12187,37.6882638
2020-12-18 13:33:22.948213,1095.11436,37.6923896
2020-12-18 13:33:23.487243,1095.12122,37.6864956
2020-12-18 13:33:24.046275,1095.11783,37.6873797
2020-12-18 13:33:24.753316,1095.11812,37.6871587
2020-12-18 13:33:25.317348,1095.11996,37.687306
2020-12-18 13:33:25.881380,1095.11915,37.6888532
2020-12-18 13:33:26.442412,1095.11805,37.6887795
2020-12-18 13:33:27.021446,1095.11536,37.6882638
2020-12-18 13:33:27.558476,1095.11764,37.6867166
2020-12-18 13:33:28.100507,1095.11639,37.6904806
2020-12-18 13:33:28.653539,1095.11359,37.6869596
2020-12-18 13:33:29.203570,1095.11399,37.6890962
2020-12-18 13:33:29.750602,1095.11392,37.6884331
2020-12-18 13:33:30.299633,1095.11605,37.6832022
2020-12-18 13:33:30.858665,1095.11229,37.6838652
2020-12-18 13:33:31.399696,1095.11134,37.6855598
2020-12-18 13:33:31.951728,1095.11082,37.6878437
2020-12-18 13:33:32.497759,1095.11023,37.6823917
2020-12-18 13:33:33.043790,1095.10979,37.6868859
2020-12-18 13:33:33.616823,1095.11274,37.6903487
2020-12-18 13:33:34.181855,1095.11068,37.6864439
2020-12-18 13:33:34.746887,1095.11724,37.6883594
2020-12-18 13:33:35.292919,1095.11112,37.6853388
2020-12-18 13:33:35.843950,1095.11132,37.6870333
2020-12-18 13:33:36.407982,1095.1111,37.6921169
2020-12-18 13:33:36.958014,1095.10778,37.6865931
2020-12-18 13:33:37.522046,1095.11014,37.6949939
2020-12-18 13:33:38.068077,1095.109,37.6961727
2020-12-18 13:33:38.614109,1095.1062,37.6882894
2020-12-18 13:33:39.176141,1095.10723,37.6895419
2020-12-18 13:33:39.736173,1095.10443,37.6883705
2020-12-18 13:33:40.306205,1095.10082,37.681978
2020-12-18 13:33:40.864237,1095.1048,37.6894929
2020-12-18 13:33:41.413269,1095.10229,37.687651
2020-12-18 13:33:41.961300,1095.10163,37.6881667
2020-12-18 13:33:42.504331,1095.10457,37.6883877
2020-12-18 13:33:43.050362,1095.09875,37.6872826
2020-12-18 13:33:43.605394,1095.10192,37.6899349
2020-12-18 13:33:44.151425,1095.10206,37.6885351
2020-12-18 13:33:44.705457,1095.09922,37.6888298
2020-12-18 13:33:45.253488,1095.10158,37.6842619
2020-12-18 13:33:45.798520,1095.099,37.6892718
2020-12-18 13:33:46.349551,1095.09885,37.688093
2020-12-18 13:33:46.901583,1095.09532,37.6867669
2020-12-18 13:33:47.447614,1095.09642,37.6910401
2020-12-18 13:33:47.996645,1095.09561,37.6867669
2020-12-18 13:33:48.562678,1095.09694,37.6907454
2020-12-18 13:33:49.125710,1095.09298,37.6889771
2020-12-18 13:33:49.687742,1095.09113,37.6895665
2020-12-18 13:33:50.246774,1095.0884,37.6911137
2020-12-18 13:33:50.815807,1095.09106,37.6919978
2020-12-18 13:33:51.353837,1095.08796,37.6877909
2020-12-18 13:33:51.904869,1095.0884,37.6924152
2020-12-18 13:33:52.460901,1095.08494,37.6886578
2020-12-18 13:33:53.013932,1095.0856,37.689984
2020-12-18 13:33:53.552963,1095.08503,37.693594
2020-12-18 13:33:54.107995,1095.08474,37.6902787
2020-12-18 13:33:54.655026,1095.08407,37.6882894
2020-12-18 13:33:55.212058,1095.08208,37.6927836
2020-12-18 13:33:55.775090,1095.07771,37.6908681
2020-12-18 13:33:56.312121,1095.07587,37.6921205
2020-12-18 13:33:56.863152,1095.07476,37.687921
2020-12-18 13:33:57.419184,1095.07469,37.6914575
2020-12-18 13:33:57.965215,1095.07049,37.6871843
2020-12-18 13:33:58.508247,1095.06983,37.6881421
2020-12-18 13:33:59.066278,1095.07049,37.6891735
2020-12-18 13:33:59.634311,1095.06813,37.6879947
2020-12-18 13:34:00.205344,1095.06854,37.6857108
2020-12-18 13:34:00.752375,1095.06537,37.6864475
2020-12-18 13:34:01.300406,1095.06471,37.6863002
2020-12-18 13:34:01.849438,1095.06066,37.6881421
2020-12-18 13:34:02.409470,1095.06279,37.6892472
2020-12-18 13:34:02.984503,1095.05889,37.6894693
2020-12-18 13:34:03.528534,1095.05572,37.6870406
2020-12-18 13:34:04.105567,1095.05424,37.690135
2020-12-18 13:34:04.657598,1095.0485,37.6907244
2020-12-18 13:34:05.204630,1095.04629,37.6818833
2020-12-18 13:34:05.743660,1095.04121,37.6874827
2020-12-18 13:34:06.292692,1095.04261,37.6872835
2020-12-18 13:34:06.842723,1095.03726,37.6865522
2020-12-18 13:34:07.385754,1095.03873,37.6839735
2020-12-18 13:34:07.954787,1095.03696,37.6914884
2020-12-18 13:34:08.510819,1095.03343,37.6864048
2020-12-18 13:34:09.058850,1095.03045,37.6928757
2020-12-18 13:34:09.607881,1095.02632,37.6861628
2020-12-18 13:34:10.168914,1095.02551,37.6917621
2020-12-18 13:34:10.732946,1095.01969,37.6871943
2020-12-18 13:34:11.276977,1095.0181,37.687931
2020-12-18 13:34:11.820008,1095.01596,37.6867522
2020-12-18 13:34:12.363039,1095.01272,37.687489
2020-12-18 13:34:12.928071,1095.00852,37.6918358
2020-12-18 13:34:13.474103,1095.00482,37.6866785
2020-12-18 13:34:14.036135,1094.99979,37.6888888
2020-12-18 13:34:14.586166,1094.995,37.6902186
2020-12-18 13:34:15.137198,1094.99677,37.6911174
2020-12-18 13:34:15.697230,1094.98785,37.6911911
2020-12-18 13:34:16.237261,1094.98542,37.6900123
2020-12-18 13:34:16.783292,1094.97827,37.688244
2020-12-18 13:34:17.345324,1094.98004,37.6897176
2020-12-18 13:34:17.888355,1094.97121,37.6885409
2020-12-18 13:34:18.449387,1094.97252,37.6897939
2020-12-18 13:34:19.013419,1094.96382,37.6900149
2020-12-18 13:34:19.555450,1094.95992,37.690457
2020-12-18 13:34:20.093481,1094.95631,37.6869942
2020-12-18 13:34:20.632512,1094.9496,37.6900868
2020-12-18 13:34:21.189544,1094.94621,37.6842646
2020-12-18 13:34:21.733575,1094.94628,37.6845593
2020-12-18 13:34:22.277606,1094.93938,37.6867695
2020-12-18 13:34:22.841638,1094.93298,37.6874326
2020-12-18 13:34:23.401670,1094.92812,37.6847058
2020-12-18 13:34:23.965703,1094.92414,37.6866932
2020-12-18 13:34:24.511734,1094.91794,37.6853671
2020-12-18 13:34:25.057765,1094.90977,37.685146
2020-12-18 13:34:25.602796,1094.90646,37.6839672
2020-12-18 13:34:26.150828,1094.90218,37.6900823
2020-12-18 13:34:26.698859,1094.894,37.6865237
2020-12-18 13:34:27.268892,1094.88516,37.6904997
2020-12-18 13:34:27.827924,1094.87897,37.6868159
2020-12-18 13:34:28.392956,1094.87455,37.6907207
2020-12-18 13:34:28.939987,1094.86343,37.6941835
2020-12-18 13:34:29.481018,1094.85561,37.6894701
2020-12-18 13:34:30.022049,1094.84883,37.6874817
2020-12-18 13:34:30.575081,1094.84411,37.6841663
2020-12-18 13:34:31.115112,1094.8353,37.6856398
2020-12-18 13:34:31.661143,1094.83025,37.6846083
2020-12-18 13:34:32.206174,1094.81669,37.6842389
2020-12-18 13:34:32.771206,1094.81382,37.6846793
2020-12-18 13:34:33.309237,1094.80577,37.6870369
2020-12-18 13:34:33.854268,1094.79363,37.6850477
2020-12-18 13:34:34.417300,1094.77881,37.6851951
2020-12-18 13:34:34.955331,1094.76842,37.6840163
2020-12-18 13:34:35.497362,1094.75599,37.6815113
2020-12-18 13:34:36.054394,1094.74193,37.6832795
2020-12-18 13:34:36.594425,1094.72852,37.6855634
2020-12-18 13:34:37.144456,1094.71245,37.681585
2020-12-18 13:34:37.691488,1094.6972,37.682248
2020-12-18 13:34:38.242519,1094.67398,37.6855095
2020-12-18 13:34:38.792551,1094.66514,37.6826411
2020-12-18 13:34:39.338582,1094.64966,37.6867669
2020-12-18 13:34:39.898614,1094.6249,37.685146
2020-12-18 13:34:40.442645,1094.61245,37.6808729
2020-12-18 13:34:41.016678,1094.59182,37.6783695
2020-12-18 13:34:41.562709,1094.57177,37.6808018
2020-12-18 13:34:42.140742,1094.54989,37.682128
2020-12-18 13:34:42.688774,1094.53161,37.6810229
2020-12-18 13:34:43.235805,1094.51297,37.68257
2020-12-18 13:34:43.793837,1094.49255,37.6868443
2020-12-18 13:34:44.335868,1094.46514,37.6832358
2020-12-18 13:34:44.942902,1094.44215,37.6791836
2020-12-18 13:34:45.484933,1094.42232,37.6774154
2020-12-18 13:34:46.053966,1094.40132,37.6788153
2020-12-18 13:34:46.602997,1094.37369,37.6722532
2020-12-18 13:34:47.145028,1094.35167,37.676433
2020-12-18 13:34:47.696060,1094.32757,37.6792327
2020-12-18 13:34:48.245091,1094.30399,37.6754016
2020-12-18 13:34:48.785122,1094.27835,37.676654
2020-12-18 13:34:49.341154,1094.25374,37.6782012
2020-12-18 13:34:49.886185,1094.23288,37.6725282
2020-12-18 13:34:50.428216,1094.20665,37.6702443
2020-12-18 13:34:50.984248,1094.18263,37.6782012
2020-12-18 13:34:51.535280,1094.15249,37.6761383
2020-12-18 13:34:52.119313,1094.12242,37.6727492
2020-12-18 13:34:52.667344,1094.09619,37.6706989
2020-12-18 13:34:53.214376,1094.06339,37.6715914
2020-12-18 13:34:53.770407,1094.03658,37.6730649
2020-12-18 13:34:54.320439,1094.00194,37.6706336
2020-12-18 13:34:54.891471,1093.9704,37.668497
2020-12-18 13:34:55.432502,1093.94314,37.6717398
2020-12-18 13:34:55.979534,1093.90497,37.6706363
2020-12-18 13:34:56.530565,1093.87357,37.670931
2020-12-18 13:34:57.086597,1093.84174,37.6687944
2020-12-18 13:34:57.629628,1093.80489,37.6676156
2020-12-18 13:34:58.178660,1093.77549,37.6646688
2020-12-18 13:34:58.732691,1093.74698,37.6691654
2020-12-18 13:34:59.277722,1093.71713,37.6602507
2020-12-18 13:34:59.830754,1093.68655,37.6619453
2020-12-18 13:35:00.378785,1093.65442,37.6687971
2020-12-18 13:35:00.920816,1093.62937,37.6648923
2020-12-18 13:35:01.494849,1093.59621,37.6590565
2020-12-18 13:35:02.035880,1093.57233,37.6613339
2020-12-18 13:35:02.577911,1093.53949,37.6593446
2020-12-18 13:35:03.118942,1093.51952,37.6558819
2020-12-18 13:35:03.676974,1093.49137,37.6588289
2020-12-18 13:35:04.226005,1093.46653,37.6603761
2020-12-18 13:35:04.770037,1093.43676,37.6568397
2020-12-18 13:35:05.339069,1093.4092,37.6538927
2020-12-18 13:35:05.894101,1093.38304,37.6562503
2020-12-18 13:35:06.463133,1093.35467,37.6596393
2020-12-18 13:35:07.009165,1093.32665,37.6567668
2020-12-18 13:35:07.561196,1093.29998,37.6552952
2020-12-18 13:35:08.110228,1093.27293,37.6536006
2020-12-18 13:35:08.657259,1093.24169,37.6462331
2020-12-18 13:35:09.198290,1093.21712,37.648075
2020-12-18 13:35:09.758322,1093.18587,37.6542637
2020-12-18 13:35:10.319354,1093.15934,37.6529408
2020-12-18 13:35:10.873386,1093.13259,37.6524991
2020-12-18 13:35:11.430417,1093.1001,37.6518361
2020-12-18 13:35:11.979449,1093.07048,37.6512467
2020-12-18 13:35:12.533481,1093.04004,37.6446896
2020-12-18 13:35:13.076512,1093.01683,37.6463822
2020-12-18 13:35:13.639544,1092.98227,37.6509493
2020-12-18 13:35:14.189575,1092.95751,37.648076
2020-12-18 13:35:14.741607,1092.92656,37.6473392
2020-12-18 13:35:15.287638,1092.89509,37.6464551
2020-12-18 13:35:15.831669,1092.86716,37.6442474
2020-12-18 13:35:16.388701,1092.83643,37.6455036
2020-12-18 13:35:16.926732,1092.80769,37.6415988
2020-12-18 13:35:17.476763,1092.77961,37.6440301
2020-12-18 13:35:18.035795,1092.74547,37.6414515
2020-12-18 13:35:18.609828,1092.71548,37.6404242
2020-12-18 13:35:19.147859,1092.68284,37.6397779
2020-12-18 13:35:19.691890,1092.65513,37.6396306
2020-12-18 13:35:20.241921,1092.62521,37.6401463
2020-12-18 13:35:20.796953,1092.59883,37.6377887
2020-12-18 13:35:21.339984,1092.56641,37.6400726
2020-12-18 13:35:21.885015,1092.53391,37.6395569
2020-12-18 13:35:22.462048,1092.50576,37.64022
2020-12-18 13:35:23.014080,1092.4754,37.6363888
2020-12-18 13:35:23.552111,1092.44371,37.6352837
2020-12-18 13:35:24.112143,1092.40901,37.6388938
2020-12-18 13:35:24.655174,1092.38233,37.6350627
2020-12-18 13:35:25.194205,1092.35064,37.6319683
2020-12-18 13:35:25.738236,1092.3194,37.6338102
2020-12-18 13:35:26.296268,1092.28801,37.6319683
2020-12-18 13:35:26.846299,1092.26091,37.6294634
2020-12-18 13:35:27.393330,1092.22653,37.629095
2020-12-18 13:35:27.948362,1092.1958,37.6292423
2020-12-18 13:35:28.484393,1092.16168,37.6276215
2020-12-18 13:35:29.019423,1092.12881,37.6279899
2020-12-18 13:35:29.561454,1092.10236,37.6278425
2020-12-18 13:35:30.103485,1092.072,37.6273268
2020-12-18 13:35:30.661517,1092.04341,37.6300118
2020-12-18 13:35:31.201548,1092.00729,37.6246289
2020-12-18 13:35:31.745579,1091.97785,37.625292
2020-12-18 13:35:32.309612,1091.95007,37.6236711
2020-12-18 13:35:32.853643,1091.91676,37.6243342
2020-12-18 13:35:33.395674,1091.88467,37.6225638
2020-12-18 13:35:33.956706,1091.85309,37.6202047
2020-12-18 13:35:34.521738,1091.82052,37.6234464
2020-12-18 13:35:35.075770,1091.7892,37.6204258
2020-12-18 13:35:35.632802,1091.7557,37.6185102
2020-12-18 13:35:36.197834,1091.72325,37.6215298
2020-12-18 13:35:36.746865,1091.69428,37.6255067
2020-12-18 13:35:37.298897,1091.66216,37.6173287
2020-12-18 13:35:37.847928,1091.62973,37.6132029
2020-12-18 13:35:38.418961,1091.599,37.6144554
2020-12-18 13:35:38.982993,1091.56393,37.6186623
2020-12-18 13:35:39.532025,1091.53393,37.6146274
2020-12-18 13:35:40.072056,1091.50105,37.6150694
2020-12-18 13:35:40.626087,1091.46609,37.6161009
2020-12-18 13:35:41.168118,1091.43853,37.6141853
2020-12-18 13:35:41.717150,1091.40743,37.6148484
2020-12-18 13:35:42.289182,1091.37091,37.6130065
2020-12-18 13:35:42.851215,1091.34153,37.6116067
2020-12-18 13:35:43.400246,1091.31007,37.6093964
2020-12-18 13:35:43.947277,1091.27661,37.6123434
2020-12-18 13:35:44.510310,1091.24633,37.6096174
2020-12-18 13:35:45.054341,1091.21007,37.6102786
2020-12-18 13:35:45.610372,1091.18317,37.608657
2020-12-18 13:35:46.159404,1091.1453,37.6116777
2020-12-18 13:35:46.723436,1091.11461,37.6066678
2020-12-18 13:35:47.286468,1091.07832,37.6092464
2020-12-18 13:35:47.846500,1091.04604,37.6088767
2020-12-18 13:35:48.398532,1091.01266,37.6099068
2020-12-18 13:35:48.943563,1090.97942,37.6025393
2020-12-18 13:35:49.503595,1090.94914,37.6054863
2020-12-18 13:35:50.050626,1090.9145,37.6033497
2020-12-18 13:35:50.598658,1090.88495,37.5981919
2020-12-18 13:35:51.146689,1090.84841,37.6023893
2020-12-18 13:35:51.694720,1090.81629,37.6034207
2020-12-18 13:35:52.244752,1090.78844,37.6023893
2020-12-18 13:35:52.793783,1090.7524,37.6013578
2020-12-18 13:35:53.351815,1090.72189,37.5984108
2020-12-18 13:35:53.913847,1090.6838,37.6012865
2020-12-18 13:35:54.459879,1090.64444,37.6014342
2020-12-18 13:35:55.005910,1090.61467,37.5981188
2020-12-18 13:35:55.550941,1090.58094,37.6015815
2020-12-18 13:35:56.108973,1090.5547,37.594435
2020-12-18 13:35:56.691006,1090.51086,37.594656
2020-12-18 13:35:57.251038,1090.48263,37.5914143
2020-12-18 13:35:57.805070,1090.44927,37.5915617
2020-12-18 13:35:58.356101,1090.41816,37.5961295
2020-12-18 13:35:58.896132,1090.38028,37.5911196
2020-12-18 13:35:59.465165,1090.3413,37.586257
2020-12-18 13:36:00.013196,1090.30007,37.5878042
2020-12-18 13:36:00.567228,1090.27367,37.5875832
2020-12-18 13:36:01.132260,1090.23484,37.5883936
2020-12-18 13:36:01.683292,1090.20278,37.5844151
2020-12-18 13:36:02.230323,1090.16684,37.5816818
2020-12-18 13:36:02.774354,1090.13229,37.5826224
2020-12-18 13:36:03.336386,1090.09537,37.5863061
2020-12-18 13:36:03.884418,1090.06435,37.5824013
2020-12-18 13:36:04.436449,1090.02478,37.5819593
2020-12-18 13:36:04.985481,1089.98837,37.5806331
2020-12-18 13:36:05.557513,1089.95219,37.5806331
2020-12-18 13:36:06.114545,1089.91122,37.5787912
2020-12-18 13:36:06.682578,1089.86719,37.5781282
2020-12-18 13:36:07.226609,1089.82447,37.5779071
2020-12-18 13:36:07.782641,1089.7815,37.5774651
2020-12-18 13:36:08.331672,1089.7308,37.5759223
2020-12-18 13:36:08.875703,1089.68384,37.5755558
2020-12-18 13:36:09.416734,1089.63296,37.577324
2020-12-18 13:36:09.975766,1089.58484,37.576882
2020-12-18 13:36:10.536798,1089.53429,37.5759979
2020-12-18 13:36:11.085830,1089.48508,37.5724615
2020-12-18 13:36:11.634861,1089.43481,37.5776924
2020-12-18 13:36:12.186893,1089.38522,37.5692934
2020-12-18 13:36:12.751925,1089.33828,37.5733456
2020-12-18 13:36:13.301956,1089.28522,37.5671568
2020-12-18 13:36:13.864989,1089.2245,37.5720194
2020-12-18 13:36:14.413020,1089.17535,37.5667148
2020-12-18 13:36:14.961051,1089.12598,37.571209
2020-12-18 13:36:15.510083,1089.0727,37.5647256
2020-12-18 13:36:16.066114,1089.01416,37.5615575
2020-12-18 13:36:16.611146,1088.95934,37.5628837
2020-12-18 13:36:17.158177,1088.90864,37.5617807
2020-12-18 13:36:17.701208,1088.85042,37.5601603
2020-12-18 13:36:18.261240,1088.79208,37.5630337
2020-12-18 13:36:18.808271,1088.73814,37.557066
2020-12-18 13:36:19.380304,1088.68486,37.5581711
2020-12-18 13:36:19.935336,1088.61905,37.5558909
2020-12-18 13:36:20.504368,1088.55219,37.5552304
2020-12-18 13:36:21.053400,1088.4956,37.5525044
2020-12-18 13:36:21.601431,1088.4362,37.5561145
2020-12-18 13:36:22.145462,1088.37887,37.5547147
2020-12-18 13:36:22.709494,1088.31062,37.5500005
2020-12-18 13:36:23.260526,1088.25985,37.5501494
2020-12-18 13:36:23.820558,1088.19869,37.5480865
2020-12-18 13:36:24.370589,1088.13067,37.5444028
2020-12-18 13:36:24.913620,1088.06958,37.5424135
2020-12-18 13:36:25.468652,1088.00532,37.5478655
2020-12-18 13:36:26.016684,1087.94151,37.5424872
2020-12-18 13:36:26.562715,1087.87725,37.5427819
2020-12-18 13:36:27.127747,1087.81376,37.5427082
2020-12-18 13:36:27.695780,1087.7456,37.5391718
2020-12-18 13:36:28.249811,1087.67699,37.5328357
2020-12-18 13:36:28.812843,1087.61045,37.5355463
2020-12-18 13:36:29.390877,1087.54398,37.531343
2020-12-18 13:36:29.952909,1087.47354,37.5338479
2020-12-18 13:36:30.517941,1087.40655,37.5310483
2020-12-18 13:36:31.062972,1087.34089,37.5297221
2020-12-18 13:36:31.600003,1087.2689,37.528987
2020-12-18 13:36:32.150034,1087.20693,37.5291354
2020-12-18 13:36:32.705066,1087.13648,37.5259673
2020-12-18 13:36:33.253097,1087.06942,37.5283249
2020-12-18 13:36:33.808129,1086.99315,37.5223572
2020-12-18 13:36:34.351160,1086.92528,37.5146308
2020-12-18 13:36:34.897191,1086.85491,37.515529
2020-12-18 13:36:35.463224,1086.78328,37.5124346
2020-12-18 13:36:36.022256,1086.71129,37.515529
2020-12-18 13:36:36.570287,1086.63885,37.5177392
2020-12-18 13:36:37.118319,1086.56634,37.5096362
2020-12-18 13:36:37.678351,1086.49412,37.5086098
2020-12-18 13:36:38.243383,1086.41796,37.5033052
2020-12-18 13:36:38.785414,1086.3495,37.504926
2020-12-18 13:36:39.335445,1086.27846,37.5099359
2020-12-18 13:36:39.895477,1086.2033,37.5088308
2020-12-18 13:36:40.460510,1086.126,37.5023328
2020-12-18 13:36:41.017542,1086.05437,37.4987927
2020-12-18 13:36:41.556572,1085.98031,37.5000452
2020-12-18 13:36:42.116604,1085.90832,37.498056
2020-12-18 13:36:42.674636,1085.83463,37.4936354
2020-12-18 13:36:43.221668,1085.75136,37.4951695
2020-12-18 13:36:43.760698,1085.67995,37.4929505
2020-12-18 13:36:44.310730,1085.60729,37.4907402
2020-12-18 13:36:44.860761,1085.5327,37.4893404
2020-12-18 13:36:45.396792,1085.45186,37.4846989
2020-12-18 13:36:45.948824,1085.37876,37.4852891
2020-12-18 13:36:46.494855,1085.30404,37.4877222
2020-12-18 13:36:47.036886,1085.22737,37.4838911
2020-12-18 13:36:47.594918,1085.14255,37.4823439
2020-12-18 13:36:48.158950,1085.06916,37.4782918
2020-12-18 13:36:48.706981,1084.98456,37.478144
2020-12-18 13:36:49.254013,1084.90881,37.4758572
2020-12-18 13:36:49.803044,1084.82716,37.4751201
2020-12-18 13:36:50.368076,1084.74624,37.4738676
2020-12-18 13:36:50.941109,1084.66946,37.47151
2020-12-18 13:36:51.489140,1084.58523,37.4673105
2020-12-18 13:36:52.039172,1084.50387,37.4652641
2020-12-18 13:36:52.588203,1084.4206,37.467334
2020-12-18 13:36:53.134235,1084.34205,37.4618084
2020-12-18 13:36:53.683266,1084.26042,37.4619557
2020-12-18 13:36:54.250298,1084.17885,37.4580509
2020-12-18 13:36:54.803330,1084.09285,37.4596613
2020-12-18 13:36:55.375363,1084.01002,37.4561145
2020-12-18 13:36:55.936395,1083.92218,37.4555251
2020-12-18 13:36:56.498427,1083.8398,37.4526518
2020-12-18 13:36:57.037458,1083.75638,37.4525781
2020-12-18 13:36:57.577489,1083.67281,37.4466166
2020-12-18 13:36:58.116520,1083.59193,37.4483258
2020-12-18 13:36:58.673551,1083.50844,37.4445683
2020-12-18 13:36:59.210582,1083.42598,37.4439789
2020-12-18 13:36:59.758613,1083.33681,37.4390427
2020-12-18 13:37:00.333646,1083.24726,37.4366851
2020-12-18 13:37:00.895679,1083.16185,37.4364617
2020-12-18 13:37:01.467711,1083.07188,37.4339564
2020-12-18 13:37:02.031743,1082.98809,37.4306411
2020-12-18 13:37:02.595776,1082.89443,37.4351352
2020-12-18 13:37:03.141807,1082.80489,37.4327776
2020-12-18 13:37:03.702839,1082.71669,37.4262942
2020-12-18 13:37:04.249870,1082.63305,37.4232735
2020-12-18 13:37:04.799902,1082.54506,37.4195898
2020-12-18 13:37:05.345933,1082.44934,37.4218
2020-12-18 13:37:05.902965,1082.36231,37.4177479
2020-12-18 13:37:06.464997,1082.27219,37.4166427
2020-12-18 13:37:07.030029,1082.1856,37.4142851
2020-12-18 13:37:07.574060,1082.08781,37.4110434
2020-12-18 13:37:08.127092,1081.99961,37.4120012
2020-12-18 13:37:08.676124,1081.90683,37.4092752
2020-12-18 13:37:09.225155,1081.81914,37.4062611
2020-12-18 13:37:09.763186,1081.73027,37.4074551
2020-12-18 13:37:10.326218,1081.64088,37.4094444
2020-12-18 13:37:10.883250,1081.54449,37.4023715
2020-12-18 13:37:11.450282,1081.45908,37.4006033
2020-12-18 13:37:11.989313,1081.35636,37.3978749
2020-12-18 13:37:12.529344,1081.27161,37.4014654
2020-12-18 13:37:13.088376,1081.1868,37.3974845
2020-12-18 13:37:13.648408,1081.0935,37.3922536
2020-12-18 13:37:14.199439,1080.98775,37.3915168
2020-12-18 13:37:14.768472,1080.89748,37.3894539
2020-12-18 13:37:15.312503,1080.80043,37.3886289
2020-12-18 13:37:15.853534,1080.71504,37.3842021
2020-12-18 13:37:16.402565,1080.62079,37.379708
2020-12-18 13:37:16.951597,1080.53133,37.3772767
2020-12-18 13:37:17.499628,1080.43384,37.38015
2020-12-18 13:37:18.046659,1080.34062,37.3766873
2020-12-18 13:37:18.610692,1080.24637,37.3749927
2020-12-18 13:37:19.157723,1080.14637,37.3693197
2020-12-18 13:37:19.734756,1080.05013,37.3720457
2020-12-18 13:37:20.284788,1079.94962,37.3682883
2020-12-18 13:37:20.826819,1079.85809,37.3629095
2020-12-18 13:37:21.379850,1079.76112,37.3609181
2020-12-18 13:37:21.925881,1079.6662,37.3637915
2020-12-18 13:37:22.470913,1079.5699,37.3592973
2020-12-18 13:37:23.026944,1079.47042,37.3632021
2020-12-18 13:37:23.571976,1079.37448,37.3534769
2020-12-18 13:37:24.116007,1079.27986,37.3471596
2020-12-18 13:37:24.681039,1079.1747,37.3487115
2020-12-18 13:37:25.231070,1079.08281,37.3453224
2020-12-18 13:37:25.773101,1078.97949,37.3412702
2020-12-18 13:37:26.316132,1078.88355,37.3403125
2020-12-18 13:37:26.879165,1078.77758,37.341495
2020-12-18 13:37:27.423196,1078.68871,37.3395083
2020-12-18 13:37:27.968227,1078.5848,37.3372244
2020-12-18 13:37:28.521259,1078.4865,37.333909
2020-12-18 13:37:29.070290,1078.38906,37.3350878
2020-12-18 13:37:29.635322,1078.28523,37.330963
2020-12-18 13:37:30.178353,1078.18914,37.3246285
2020-12-18 13:37:30.719384,1078.08877,37.3241865
2020-12-18 13:37:31.278416,1077.98598,37.3222709
2020-12-18 13:37:31.836448,1077.88443,37.323376
2020-12-18 13:37:32.392480,1077.78488,37.317187
2020-12-18 13:37:32.954512,1077.67648,37.3158585
2020-12-18 13:37:33.500543,1077.5771,37.314385
2020-12-18 13:37:34.078576,1077.47187,37.3119537
2020-12-18 13:37:34.630608,1077.36752,37.3095961
2020-12-18 13:37:35.170639,1077.26848,37.3068701
2020-12-18 13:37:35.741672,1077.16288,37.3044388
2020-12-18 13:37:36.290703,1077.06782,37.306207
2020-12-18 13:37:36.837734,1076.96016,37.3065754
2020-12-18 13:37:37.394766,1076.85272,37.299871
2020-12-18 13:37:37.936797,1076.75301,37.3020812
2020-12-18 13:37:38.497829,1076.65264,37.296043
2020-12-18 13:37:39.059861,1076.54874,37.2972249
2020-12-18 13:37:39.603892,1076.43887,37.2915519
2020-12-18 13:37:40.146924,1076.34314,37.2916993
2020-12-18 13:37:40.694955,1076.24182,37.2954567
2020-12-18 13:37:41.246986,1076.13791,37.2886122
2020-12-18 13:37:41.808019,1076.03114,37.2842824
2020-12-18 13:37:42.355050,1075.92514,37.2873031
2020-12-18 13:37:42.905081,1075.82831,37.2801566
2020-12-18 13:37:43.449112,1075.72514,37.2744099
2020-12-18 13:37:44.010145,1075.61203,37.2755887
2020-12-18 13:37:44.588178,1075.5074,37.2783147
2020-12-18 13:37:45.149210,1075.39834,37.2702104
2020-12-18 13:37:45.714242,1075.29245,37.2654215
2020-12-18 13:37:46.261273,1075.18279,37.2628429
2020-12-18 13:37:46.822305,1075.07999,37.2626219
2020-12-18 13:37:47.367337,1074.97255,37.2652771
2020-12-18 13:37:47.913368,1074.86754,37.2685195
2020-12-18 13:37:48.453399,1074.7576,37.2578366
2020-12-18 13:37:49.010431,1074.65398,37.253416
2020-12-18 13:37:49.574463,1074.54904,37.2496586
2020-12-18 13:37:50.148496,1074.44344,37.2504722
2020-12-18 13:37:50.687526,1074.33129,37.2462748
2020-12-18 13:37:51.230558,1074.2321,37.2433278
2020-12-18 13:37:51.793590,1074.11825,37.2467168
2020-12-18 13:37:52.368623,1074.01139,37.2442855
2020-12-18 13:37:52.917654,1073.89754,37.2403818
2020-12-18 13:37:53.459685,1073.7929,37.2383205
2020-12-18 13:37:54.012717,1073.68465,37.2355945
2020-12-18 13:37:54.554748,1073.58001,37.2321317
2020-12-18 13:37:55.109779,1073.47227,37.2303635
2020-12-18 13:37:55.665811,1073.36427,37.2347847
2020-12-18 13:37:56.227843,1073.25226,37.224181
2020-12-18 13:37:56.790876,1073.14821,37.2232969
2020-12-18 13:37:57.350908,1073.02942,37.220792
2020-12-18 13:37:57.930941,1072.91444,37.2222655
2020-12-18 13:37:58.479972,1072.8053,37.2141612
2020-12-18 13:37:59.023003,1072.70162,37.2133507
2020-12-18 13:37:59.566034,1072.5899,37.2140138
2020-12-18 13:38:00.123066,1072.47436,37.2085618
2020-12-18 13:38:00.673098,1072.37436,37.2089302
2020-12-18 13:38:01.220129,1072.26198,37.204215
2020-12-18 13:38:01.768160,1072.15122,37.2062055
2020-12-18 13:38:02.315192,1072.04337,37.2014179
2020-12-18 13:38:02.856222,1071.93402,37.1945661
2020-12-18 13:38:03.397253,1071.82282,37.190735
2020-12-18 13:38:03.961286,1071.71287,37.1925032
2020-12-18 13:38:04.519318,1071.60337,37.192799
2020-12-18 13:38:05.062349,1071.49423,37.1871285
2020-12-18 13:38:05.612380,1071.37817,37.1894125
2020-12-18 13:38:06.177412,1071.27242,37.1846235
2020-12-18 13:38:06.720443,1071.15629,37.1787295
2020-12-18 13:38:07.285476,1071.04723,37.1733512
2020-12-18 13:38:07.829507,1070.94295,37.1758562
2020-12-18 13:38:08.391539,1070.82527,37.1702568
2020-12-18 13:38:08.934570,1070.71595,37.1730565
2020-12-18 13:38:09.484602,1070.59974,37.1705515
2020-12-18 13:38:10.028633,1070.49443,37.1698885
2020-12-18 13:38:10.572664,1070.38427,37.1631128
2020-12-18 13:38:11.117695,1070.28037,37.1642927
2020-12-18 13:38:11.676727,1070.16475,37.1547886
2020-12-18 13:38:12.218758,1070.04898,37.1582513
2020-12-18 13:38:12.763789,1069.93911,37.1564831
2020-12-18 13:38:13.328821,1069.83128,37.1510214
2020-12-18 13:38:13.876853,1069.717,37.1475441
2020-12-18 13:38:14.435885,1069.60337,37.1476178
2020-12-18 13:38:14.994917,1069.49209,37.1461443
2020-12-18 13:38:15.543948,1069.37662,37.1374506
2020-12-18 13:38:16.081979,1069.26682,37.1347253
2020-12-18 13:38:16.624010,1069.16034,37.1434956
2020-12-18 13:38:17.172041,1069.0515,37.1353176
2020-12-18 13:38:17.708072,1068.9417,37.1293499
2020-12-18 13:38:18.269104,1068.8221,37.1251504
2020-12-18 13:38:18.827136,1068.71377,37.125003
2020-12-18 13:38:19.370167,1068.59749,37.1240258
2020-12-18 13:38:19.920198,1068.48644,37.1232106
2020-12-18 13:38:20.485231,1068.37281,37.1171692
2020-12-18 13:38:21.028262,1068.26021,37.1169482
2020-12-18 13:38:21.563292,1068.1552,37.113117
2020-12-18 13:38:22.118324,1068.04039,37.1102474
2020-12-18 13:38:22.671356,1067.92374,37.1130496
2020-12-18 13:38:23.210387,1067.81187,37.1081133
2020-12-18 13:38:23.763418,1067.70141,37.1031771
2020-12-18 13:38:24.310450,1067.58808,37.1031771
2020-12-18 13:38:24.891483,1067.47157,37.0979461
2020-12-18 13:38:25.435514,1067.3575,37.0957359
2020-12-18 13:38:25.985545,1067.24527,37.0986829
2020-12-18 13:38:26.525576,1067.13141,37.0949991
2020-12-18 13:38:27.081608,1067.0212,37.0902102
2020-12-18 13:38:27.644640,1066.90109,37.0899888
2020-12-18 13:38:28.216673,1066.78982,37.08807
2020-12-18 13:38:28.760704,1066.66955,37.0845336
2020-12-18 13:38:29.306735,1066.55924,37.0823234
2020-12-18 13:38:29.859767,1066.45276,37.076724
2020-12-18 13:38:30.402798,1066.33087,37.0746611
2020-12-18 13:38:30.973831,1066.21599,37.0762869
2020-12-18 13:38:31.525862,1066.09366,37.0736359
2020-12-18 13:38:32.062893,1065.98939,37.0695101
2020-12-18 13:38:32.604924,1065.87679,37.0666367
2020-12-18 13:38:33.145955,1065.76502,37.0660473
2020-12-18 13:38:33.703987,1065.64853,37.0622912
2020-12-18 13:38:34.257018,1065.53593,37.0548513
2020-12-18 13:38:34.822051,1065.41589,37.0577246
2020-12-18 13:38:35.371082,1065.29673,37.0550723
2020-12-18 13:38:35.919114,1065.18619,37.0530094
2020-12-18 13:38:36.464145,1065.07455,37.0463062
2020-12-18 13:38:37.023177,1064.95539,37.0477846
2020-12-18 13:38:37.590209,1064.84212,37.0494792
2020-12-18 13:38:38.138240,1064.72692,37.0441745
2020-12-18 13:38:38.675271,1064.61645,37.042038
2020-12-18 13:38:39.221302,1064.50209,37.0411539
2020-12-18 13:38:39.773334,1064.38713,37.0404743
2020-12-18 13:38:40.332366,1064.27564,37.0352392
2020-12-18 13:38:40.883397,1064.1539,37.0294188
2020-12-18 13:38:41.426429,1064.04182,37.0285347
2020-12-18 13:38:41.990461,1063.92451,37.0269139
2020-12-18 13:38:42.532492,1063.80829,37.0214641
2020-12-18 13:38:43.102524,1063.68773,37.0175607
2020-12-18 13:38:43.664557,1063.58059,37.0188132
2020-12-18 13:38:44.211588,1063.46394,37.0180764
2020-12-18 13:38:44.747619,1063.35045,37.0110773
2020-12-18 13:38:45.288649,1063.23888,37.0078356
2020-12-18 13:38:45.846681,1063.12105,37.0090144
2020-12-18 13:38:46.411714,1063.0075,37.0103405
2020-12-18 13:38:46.958745,1062.89136,37.0021626
2020-12-18 13:38:47.501776,1062.77139,36.9996576
2020-12-18 13:38:48.050807,1062.66336,37.002758
2020-12-18 13:38:48.604839,1062.5484,37.0013825
2020-12-18 13:38:49.147870,1062.42711,36.9990249
2020-12-18 13:38:49.696902,1062.31724,36.9907733
2020-12-18 13:38:50.249933,1062.20331,36.9913627
2020-12-18 13:38:50.789964,1062.08319,36.9916574
2020-12-18 13:38:51.343996,1061.9661,36.9828921
2020-12-18 13:38:51.893027,1061.86212,36.9800929
2020-12-18 13:38:52.441059,1061.74267,36.9781774
2020-12-18 13:38:53.010091,1061.62838,36.9797982
2020-12-18 13:38:53.559122,1061.50711,36.9738305
2020-12-18 13:38:54.096153,1061.3982,36.9744941
2020-12-18 13:38:54.654185,1061.2769,36.9713265
2020-12-18 13:38:55.191216,1061.1671,36.9661693
2020-12-18 13:38:55.754248,1061.04905,36.9630012
2020-12-18 13:38:56.320280,1060.93557,36.9617487
2020-12-18 13:38:56.866312,1060.8181,36.9588754
2020-12-18 13:38:57.419343,1060.69784,36.9605699
2020-12-18 13:38:57.967375,1060.5859,36.9566651
2020-12-18 13:38:58.512406,1060.47198,36.9517289
2020-12-18 13:38:59.077438,1060.35864,36.9505501
2020-12-18 13:38:59.635470,1060.23934,36.949079
2020-12-18 13:39:00.185502,1060.11723,36.9454145
2020-12-18 13:39:00.741533,1060.00714,36.9420279
2020-12-18 13:39:01.290565,1059.88127,36.9412174
2020-12-18 13:39:01.860597,1059.77029,36.9378284
2020-12-18 13:39:02.423630,1059.64546,36.9348077
2020-12-18 13:39:02.977661,1059.5322,36.9298735
2020-12-18 13:39:03.522692,1059.4154,36.932379
2020-12-18 13:39:04.071724,1059.29447,36.932821
2020-12-18 13:39:04.643757,1059.18784,36.9274427
2020-12-18 13:39:05.201788,1059.06353,36.9231695
2020-12-18 13:39:05.747820,1058.94857,36.923024
2020-12-18 13:39:06.295851,1058.83273,36.9239836
2020-12-18 13:39:06.845882,1058.72297,36.9152162
2020-12-18 13:39:07.396914,1058.60145,36.9202998
2020-12-18 13:39:07.949946,1058.47891,36.9119008
2020-12-18 13:39:08.500977,1058.36432,36.9115343
2020-12-18 13:39:09.050009,1058.25386,36.9113176
2020-12-18 13:39:09.601040,1058.13352,36.9072654
2020-12-18 13:39:10.151072,1058.02092,36.9031396
2020-12-18 13:39:10.698103,1057.90154,36.9012977
2020-12-18 13:39:11.270136,1057.78449,36.8996768
2020-12-18 13:39:11.843168,1057.66253,36.8956984
2020-12-18 13:39:12.399200,1057.54087,36.8956247
2020-12-18 13:39:12.973233,1057.43417,36.8886255
2020-12-18 13:39:13.518264,1057.31,36.8922356
2020-12-18 13:39:14.084296,1057.19055,36.8877414
2020-12-18 13:39:14.652329,1057.07301,36.8833065
2020-12-18 13:39:15.201360,1056.95363,36.8815347
2020-12-18 13:39:15.755392,1056.84494,36.8798402
2020-12-18 13:39:16.303423,1056.72961,36.8801349
2020-12-18 13:39:16.856455,1056.60832,36.8714412
2020-12-18 13:39:17.416487,1056.49189,36.8689362
2020-12-18 13:39:17.965518,1056.37487,36.8684205
2020-12-18 13:39:18.514550,1056.26065,36.8661366
2020-12-18 13:39:19.071582,1056.14517,36.8673154
2020-12-18 13:39:19.617613,1056.02307,36.8631895
2020-12-18 13:39:20.164644,1055.91253,36.8586964
2020-12-18 13:39:20.719676,1055.795,36.8533206
2020-12-18 13:39:21.259707,1055.68269,36.8528049
2020-12-18 13:39:21.810738,1055.55896,36.8519944
2020-12-18 13:39:22.385771,1055.44772,36.8505946
2020-12-18 13:39:22.925802,1055.3338,36.8458796
2020-12-18 13:39:23.469833,1055.21383,36.8433031
2020-12-18 13:39:24.009864,1055.09946,36.8413141
2020-12-18 13:39:24.565896,1054.98963,36.8391038
2020-12-18 13:39:25.126928,1054.86951,36.8403563
2020-12-18 13:39:25.687960,1054.7466,36.8346833
2020-12-18 13:39:26.244992,1054.6298,36.834463
2020-12-18 13:39:26.807024,1054.51374,36.8267273
2020-12-18 13:39:27.346055,1054.39576,36.8291586
2020-12-18 13:39:27.884086,1054.2822,36.82658
2020-12-18 13:39:28.429117,1054.16687,36.8198018
2020-12-18 13:39:28.982149,1054.05627,36.8218672
2020-12-18 13:39:29.531180,1053.93718,36.8190712
2020-12-18 13:39:30.077211,1053.8195,36.8124405
2020-12-18 13:39:30.623242,1053.70535,36.814577
2020-12-18 13:39:31.178274,1053.5929,36.8094934
2020-12-18 13:39:31.723305,1053.47573,36.8080158
2020-12-18 13:39:32.261336,1053.35635,36.8077047
2020-12-18 13:39:32.816368,1053.2456,36.8049787
2020-12-18 13:39:33.367399,1053.12946,36.8005582
2020-12-18 13:39:33.905430,1053.01369,36.793559
2020-12-18 13:39:34.460462,1052.88989,36.7965797
2020-12-18 13:39:35.009493,1052.78591,36.7920119
2020-12-18 13:39:35.551524,1052.66026,36.7904647
2020-12-18 13:39:36.099556,1052.54981,36.7896542
2020-12-18 13:39:36.659588,1052.43154,36.7868546
2020-12-18 13:39:37.211619,1052.32181,36.7877387
2020-12-18 13:39:37.770651,1052.19698,36.7831729
2020-12-18 13:39:38.310682,1052.08386,36.7761015
2020-12-18 13:39:38.857713,1051.96736,36.7764699
2020-12-18 13:39:39.407745,1051.85277,36.7740386
2020-12-18 13:39:39.957776,1051.73155,36.7736702
2020-12-18 13:39:40.515808,1051.61983,36.7679315
2020-12-18 13:39:41.072840,1051.50237,36.7655926
2020-12-18 13:39:41.631872,1051.38491,36.7630139
2020-12-18 13:39:42.177903,1051.26207,36.7622035
2020-12-18 13:39:42.750936,1051.15234,36.7581513
2020-12-18 13:39:43.306968,1051.03709,36.7562363
2020-12-18 13:39:43.866000,1050.91668,36.7487261
2020-12-18 13:39:44.419032,1050.79509,36.7534413
2020-12-18 13:39:44.955062,1050.68286,36.7506416
2020-12-18 13:39:45.519094,1050.56974,36.7532939
2020-12-18 13:39:46.083127,1050.4514,36.7460001
2020-12-18 13:39:46.639159,1050.33163,36.7418034
2020-12-18 13:39:47.182190,1050.21441,36.740478
2020-12-18 13:39:47.729221,1050.10092,36.7437934
2020-12-18 13:39:48.272252,1049.98641,36.735468
2020-12-18 13:39:48.831284,1049.86834,36.7306054
2020-12-18 13:39:49.374315,1049.75426,36.7294799
2020-12-18 13:39:49.919346,1049.64328,36.7316697
2020-12-18 13:39:50.485378,1049.52478,36.7254809
2020-12-18 13:39:51.023409,1049.40703,36.7228286
2020-12-18 13:39:51.583441,1049.29737,36.7208394
2020-12-18 13:39:52.135473,1049.18109,36.7154672
2020-12-18 13:39:52.697505,1049.05633,36.719239
2020-12-18 13:39:53.250537,1048.94123,36.7122398
2020-12-18 13:39:53.794568,1048.82524,36.7075982
2020-12-18 13:39:54.335599,1048.71168,36.7117241
2020-12-18 13:39:54.873629,1048.59665,36.7057564
2020-12-18 13:39:55.414660,1048.49189,36.7021512
2020-12-18 13:39:55.972692,1048.37359,36.6983213
2020-12-18 13:39:56.515723,1048.25627,36.6987633
2020-12-18 13:39:57.065755,1048.13948,36.6961847
2020-12-18 13:39:57.614786,1048.02643,36.6936061
2020-12-18 13:39:58.164818,1047.91528,36.6976598
2020-12-18 13:39:58.715849,1047.79288,36.6850623
2020-12-18 13:39:59.268881,1047.68448,36.682852
2020-12-18 13:39:59.824913,1047.56127,36.6843255
2020-12-18 13:40:00.366944,1047.44782,36.6835888
2020-12-18 13:40:00.908975,1047.33426,36.6806428
2020-12-18 13:40:01.462006,1047.21916,36.6760774
2020-12-18 13:40:02.011038,1047.09919,36.6771089
2020-12-18 13:40:02.571070,1046.98283,36.6739408
2020-12-18 13:40:03.123101,1046.87215,36.6690783
2020-12-18 13:40:03.673133,1046.75815,36.6674576
2020-12-18 13:40:04.221164,1046.64562,36.6642917
2020-12-18 13:40:04.778196,1046.52757,36.6596504
2020-12-18 13:40:05.327227,1046.41261,36.659503
2020-12-18 13:40:05.870258,1046.29773,36.6595767
2020-12-18 13:40:06.432291,1046.18226,36.6583242
2020-12-18 13:40:06.991323,1046.07312,36.6516959
2020-12-18 13:40:07.552355,1045.95426,36.6470554
2020-12-18 13:40:08.112387,1045.83304,36.6502971
2020-12-18 13:40:08.653418,1045.72213,36.64374
2020-12-18 13:40:09.196449,1045.6085,36.6479395
2020-12-18 13:40:09.759481,1045.48831,36.6383617
2020-12-18 13:40:10.304512,1045.3724,36.6385091
2020-12-18 13:40:10.867544,1045.25472,36.6400562
2020-12-18 13:40:11.417576,1045.14978,36.6313625
2020-12-18 13:40:11.976608,1045.02502,36.6278998
2020-12-18 13:40:12.535640,1044.91279,36.6299627
2020-12-18 13:40:13.100672,1044.79592,36.6265736
2020-12-18 13:40:13.647703,1044.67941,36.6201638
2020-12-18 13:40:14.200735,1044.56748,36.618322
2020-12-18 13:40:14.757767,1044.44957,36.6133857
2020-12-18 13:40:15.324799,1044.33771,36.6155226
2020-12-18 13:40:15.876831,1044.22186,36.6096314
2020-12-18 13:40:16.412861,1044.09711,36.6158942
2020-12-18 13:40:16.980894,1043.9907,36.605727
2020-12-18 13:40:17.538926,1043.86911,36.6041061
2020-12-18 13:40:18.105958,1043.75735,36.5996856
2020-12-18 13:40:18.645989,1043.63672,36.5999059
2020-12-18 13:40:19.184020,1043.52338,36.5957798
2020-12-18 13:40:19.727051,1043.41189,36.6005687
2020-12-18 13:40:20.276082,1043.30304,36.5948957
2020-12-18 13:40:20.834114,1043.18263,36.5876755
2020-12-18 13:40:21.381146,1043.07799,36.5889305
2020-12-18 13:40:21.921177,1042.95906,36.585103
2020-12-18 13:40:22.490209,1042.84324,36.585324
2020-12-18 13:40:23.047241,1042.72865,36.5784722
2020-12-18 13:40:23.616273,1042.60994,36.5795037
2020-12-18 13:40:24.162305,1042.49631,36.5804616
2020-12-18 13:40:24.707336,1042.38503,36.5724318
2020-12-18 13:40:25.264368,1042.26211,36.5692637
2020-12-18 13:40:25.814399,1042.15114,36.5729475
2020-12-18 13:40:26.371431,1042.04274,36.568306
2020-12-18 13:40:26.917462,1041.92552,36.563075
2020-12-18 13:40:27.460493,1041.80909,36.561017
2020-12-18 13:40:28.026526,1041.70349,36.5587343
2020-12-18 13:40:28.573557,1041.58013,36.5539453
2020-12-18 13:40:29.121588,1041.47232,36.5544611
2020-12-18 13:40:29.667620,1041.36643,36.5495248
2020-12-18 13:40:30.256653,1041.23533,36.5475356
2020-12-18 13:40:30.808685,1041.12185,36.5481987
2020-12-18 13:40:31.350716,1041.0063,36.5465041
2020-12-18 13:40:31.911748,1040.8934,36.5421573
2020-12-18 13:40:32.459779,1040.78574,36.5389155
2020-12-18 13:40:33.003810,1040.66489,36.5377367
2020-12-18 13:40:33.547842,1040.5517,36.5314743
2020-12-18 13:40:34.086872,1040.44433,36.5274958
2020-12-18 13:40:34.649905,1040.33372,36.5287483
2020-12-18 13:40:35.192936,1040.21361,36.5236647
2020-12-18 13:40:35.750968,1040.0971,36.5224128
2020-12-18 13:40:36.297999,1039.98878,36.5202817
2020-12-18 13:40:36.856031,1039.87809,36.5196923
2020-12-18 13:40:37.420063,1039.75864,36.5210185
2020-12-18 13:40:37.962094,1039.64516,36.5227867
2020-12-18 13:40:38.498125,1039.53455,36.5148297
2020-12-18 13:40:39.040156,1039.4221,36.5136534
2020-12-18 13:40:39.586187,1039.31325,36.5110758
2020-12-18 13:40:40.136218,1039.19918,36.5000982
2020-12-18 13:40:40.682250,1039.08828,36.5008349
2020-12-18 13:40:41.253282,1038.96477,36.501056
2020-12-18 13:40:41.801314,1038.85792,36.4963522
2020-12-18 13:40:42.340344,1038.74229,36.4948901
2020-12-18 13:40:42.905377,1038.62226,36.4962163
2020-12-18 13:40:43.465409,1038.51165,36.4926798
2020-12-18 13:40:44.031441,1038.39802,36.4927535
2020-12-18 13:40:44.573472,1038.28107,36.4858291
2020-12-18 13:40:45.123504,1038.17245,36.4853158
2020-12-18 13:40:45.681536,1038.0544,36.4803795
2020-12-18 13:40:46.235567,1037.94298,36.4820004
2020-12-18 13:40:46.774598,1037.83701,36.4801585
2020-12-18 13:40:47.313629,1037.7208,36.4752959
2020-12-18 13:40:47.876661,1037.61262,36.4713197
2020-12-18 13:40:48.435693,1037.49184,36.4712463
2020-12-18 13:40:48.992725,1037.38166,36.4735303
2020-12-18 13:40:49.549757,1037.2667,36.4685203
2020-12-18 13:40:50.096788,1037.15167,36.4629947
2020-12-18 13:40:50.651820,1037.03833,36.4627779
2020-12-18 13:40:51.187850,1036.93244,36.4634428
2020-12-18 13:40:51.727881,1036.8208,36.4571067
2020-12-18 13:40:52.276913,1036.71409,36.4569594
2020-12-18 13:40:52.824944,1036.59692,36.4517284
2020-12-18 13:40:53.370975,1036.4869,36.4534991
2020-12-18 13:40:53.922007,1036.37003,36.4474613
2020-12-18 13:40:54.488039,1036.25994,36.4461352
2020-12-18 13:40:55.038071,1036.13997,36.4439249
2020-12-18 13:40:55.607103,1036.03363,36.4439249
2020-12-18 13:40:56.151134,1035.92052,36.4388465
2020-12-18 13:40:56.696166,1035.81101,36.4386466
2020-12-18 13:40:57.249197,1035.69561,36.4347418
2020-12-18 13:40:57.801229,1035.58757,36.4269322
2020-12-18 13:40:58.351260,1035.46614,36.4309844
2020-12-18 13:40:58.902292,1035.35892,36.428111
2020-12-18 13:40:59.447323,1035.25222,36.4261076
2020-12-18 13:40:59.983354,1035.13783,36.4205047
2020-12-18 13:41:00.532385,1035.03031,36.4182207
2020-12-18 13:41:01.091417,1034.91491,36.4138002
2020-12-18 13:41:01.636448,1034.8085,36.4113689
2020-12-18 13:41:02.180479,1034.69437,36.4096744
2020-12-18 13:41:02.737511,1034.58175,36.4105585
2020-12-18 13:41:03.294543,1034.46753,36.412032
2020-12-18 13:41:03.844574,1034.35707,36.4056222
2020-12-18 13:41:04.391606,1034.24386,36.4003176
2020-12-18 13:41:04.939637,1034.13541,36.4040768
2020-12-18 13:41:05.487668,1034.02237,36.4019445
2020-12-18 13:41:06.041700,1033.91176,36.3955347
2020-12-18 13:41:06.578731,1033.79827,36.3936928
2020-12-18 13:41:07.121762,1033.68192,36.3889776
2020-12-18 13:41:07.690794,1033.58184,36.3900091
2020-12-18 13:41:08.240826,1033.46571,36.3855021
2020-12-18 13:41:08.801858,1033.34648,36.3850586
2020-12-18 13:41:09.366890,1033.2394,36.3812275
2020-12-18 13:41:09.908921,1033.12725,36.3762176
2020-12-18 13:41:10.452952,1033.00978,36.3741546
2020-12-18 13:41:11.013984,1032.90094,36.371576
2020-12-18 13:41:11.554015,1032.79446,36.3733442
2020-12-18 13:41:12.098046,1032.68422,36.3684079
2020-12-18 13:41:12.648078,1032.56182,36.368629
2020-12-18 13:41:13.195109,1032.45821,36.3692184
2020-12-18 13:41:13.740140,1032.35018,36.3631047
2020-12-18 13:41:14.288172,1032.23551,36.3657591
2020-12-18 13:41:14.839203,1032.12262,36.3636225
2020-12-18 13:41:15.393235,1032.01469,36.3568444
2020-12-18 13:41:15.931266,1031.90324,36.356476
2020-12-18 13:41:16.473297,1031.79234,36.3539716
2020-12-18 13:41:17.021328,1031.686,36.3502197
2020-12-18 13:41:17.563359,1031.57517,36.3439572
2020-12-18 13:41:18.109390,1031.45948,36.3448413
2020-12-18 13:41:18.674423,1031.34997,36.3391683
2020-12-18 13:41:19.216454,1031.23796,36.3431468
2020-12-18 13:41:19.768485,1031.13129,36.3430012
2020-12-18 13:41:20.327517,1031.02,36.3379921
2020-12-18 13:41:20.890549,1030.906,36.3319507
2020-12-18 13:41:21.451581,1030.79185,36.3305508
2020-12-18 13:41:21.994613,1030.67677,36.3260566
2020-12-18 13:41:22.541644,1030.57084,36.3279003
2020-12-18 13:41:23.104676,1030.46075,36.3265759
2020-12-18 13:41:23.642707,1030.34248,36.325176
2020-12-18 13:41:24.185738,1030.24071,36.3219343
2020-12-18 13:41:24.742770,1030.12664,36.3253234
2020-12-18 13:41:25.292801,1030.0158,36.3165496
2020-12-18 13:41:25.838832,1029.90527,36.3157243
2020-12-18 13:41:26.378863,1029.7929,36.3095356
2020-12-18 13:41:26.941895,1029.68147,36.3079147
2020-12-18 13:41:27.505928,1029.56953,36.3098303
2020-12-18 13:41:28.081961,1029.45774,36.3020947
2020-12-18 13:41:28.638993,1029.33923,36.3037921
2020-12-18 13:41:29.204025,1029.23034,36.2954671
2020-12-18 13:41:29.745056,1029.11015,36.2931094
2020-12-18 13:41:30.284087,1029.00447,36.2900887
2020-12-18 13:41:30.847119,1028.89239,36.289131
2020-12-18 13:41:31.408151,1028.78163,36.2919349
2020-12-18 13:41:31.959182,1028.66579,36.2883266
2020-12-18 13:41:32.507214,1028.55717,36.2821379
2020-12-18 13:41:33.054245,1028.45113,36.28619
2020-12-18 13:41:33.599276,1028.33623,36.2842744
2020-12-18 13:41:34.143307,1028.2257,36.282876
2020-12-18 13:41:34.711340,1028.11339,36.2754369
2020-12-18 13:41:35.268372,1027.99846,36.2796364
2020-12-18 13:41:35.814403,1027.88631,36.2752159
2020-12-18 13:41:36.363434,1027.77931,36.2669642
2020-12-18 13:41:36.911466,1027.66818,36.2695435
2020-12-18 13:41:37.455497,1027.55905,36.266894
2020-12-18 13:41:38.010529,1027.44836,36.2606316
2020-12-18 13:41:38.562560,1027.33414,36.2611473
2020-12-18 13:41:39.122592,1027.22493,36.2594528
2020-12-18 13:41:39.660623,1027.11056,36.2585687
2020-12-18 13:41:40.203654,1027.00534,36.2531236
2020-12-18 13:41:40.764686,1026.8976,36.2548198
2020-12-18 13:41:41.324718,1026.77837,36.2440632
2020-12-18 13:41:41.885750,1026.66474,36.2467892
2020-12-18 13:41:42.451783,1026.55339,36.2384638
2020-12-18 13:41:42.987813,1026.44381,36.2426649
2020-12-18 13:41:43.524844,1026.33342,36.2388348
2020-12-18 13:41:44.064875,1026.22598,36.2375086
2020-12-18 13:41:44.609906,1026.124,36.2358141
2020-12-18 13:41:45.157937,1026.01199,36.2309515
2020-12-18 13:41:45.700968,1025.90057,36.2305778
2020-12-18 13:41:46.251000,1025.79032,36.2265133
2020-12-18 13:41:46.807032,1025.67868,36.2212823
2020-12-18 13:41:47.352063,1025.5638,36.2208403
2020-12-18 13:41:47.899094,1025.45496,36.2202509
2020-12-18 13:41:48.445125,1025.34855,36.2185563
2020-12-18 13:41:48.998157,1025.2319,36.2198874
2020-12-18 13:41:49.551189,1025.12261,36.2153944
2020-12-18 13:41:50.096220,1025.01723,36.2138472
2020-12-18 13:41:50.646251,1024.90633,36.2114896
2020-12-18 13:41:51.194283,1024.79933,36.2082478
2020-12-18 13:41:51.746314,1024.68938,36.2068516
2020-12-18 13:41:52.296346,1024.57656,36.2042754
2020-12-18 13:41:52.846377,1024.46234,36.2003706
2020-12-18 13:41:53.397409,1024.35705,36.1972762
2020-12-18 13:41:53.957441,1024.24136,36.1945502
2020-12-18 13:41:54.499472,1024.12397,36.1949186
2020-12-18 13:41:55.045503,1024.01851,36.1991918
2020-12-18 13:41:55.609535,1023.91173,36.1901297
2020-12-18 13:41:56.157567,1023.79604,36.1886562
2020-12-18 13:41:56.717599,1023.68506,36.1829831
2020-12-18 13:41:57.274630,1023.58028,36.1807741
2020-12-18 13:41:57.818662,1023.4698,36.1849784
2020-12-18 13:41:58.357692,1023.3525,36.1817367
2020-12-18 13:41:58.898723,1023.24778,36.1762847
2020-12-18 13:41:59.445755,1023.14329,36.1736324
2020-12-18 13:41:59.988786,1023.02796,36.1677383
2020-12-18 13:42:00.533817,1022.92207,36.1703783
2020-12-18 13:42:01.090849,1022.81227,36.1683101
2020-12-18 13:42:01.633880,1022.70306,36.1603532
2020-12-18 13:42:02.174911,1022.5902,36.1631528
2020-12-18 13:42:02.720942,1022.47564,36.1586586
2020-12-18 13:42:03.278974,1022.37166,36.1557247
2020-12-18 13:42:03.821005,1022.26548,36.1524961
2020-12-18 13:42:04.378037,1022.15251,36.1517593
2020-12-18 13:42:04.927068,1022.04632,36.1515383
2020-12-18 13:42:05.471099,1021.93048,36.1427709
2020-12-18 13:42:06.029131,1021.81847,36.1451986
2020-12-18 13:42:06.577162,1021.71053,36.1411324
2020-12-18 13:42:07.121194,1021.60336,36.1424586
2020-12-18 13:42:07.661225,1021.49165,36.1411324
2020-12-18 13:42:08.223257,1021.38435,36.1367119
2020-12-18 13:42:08.790289,1021.27492,36.1340596
2020-12-18 13:42:09.334320,1021.15459,36.1335438
2020-12-18 13:42:09.894352,1021.05466,36.1297864
2020-12-18 13:42:10.442384,1020.94295,36.129418
2020-12-18 13:42:11.014416,1020.83523,36.1272077
2020-12-18 13:42:11.556447,1020.71743,36.1228608
2020-12-18 13:42:12.122480,1020.60483,36.1209474
2020-12-18 13:42:12.681512,1020.49643,36.117486
2020-12-18 13:42:13.220542,1020.38186,36.1142443
2020-12-18 13:42:13.755573,1020.27602,36.1106342
2020-12-18 13:42:14.302604,1020.17271,36.1105605
2020-12-18 13:42:14.853636,1020.06099,36.1129206
2020-12-18 13:42:15.395667,1019.95326,36.1087983
2020-12-18 13:42:15.949699,1019.84699,36.1057776
2020-12-18 13:42:16.515731,1019.73174,36.0993679
2020-12-18 13:42:17.079763,1019.62179,36.1015044
2020-12-18 13:42:17.628795,1019.50256,36.1001029
2020-12-18 13:42:18.175826,1019.39762,36.0942667
2020-12-18 13:42:18.731858,1019.29129,36.0929405
2020-12-18 13:42:19.295890,1019.18164,36.0892567
2020-12-18 13:42:19.839921,1019.0638,36.0913197
2020-12-18 13:42:20.384952,1018.96101,36.0846152
2020-12-18 13:42:20.936984,1018.84907,36.0888952
2020-12-18 13:42:21.482015,1018.74576,36.0816767
2020-12-18 13:42:22.033047,1018.63176,36.0807189
2020-12-18 13:42:22.601079,1018.52373,36.0797612
2020-12-18 13:42:23.154111,1018.41651,36.0743092
2020-12-18 13:42:23.703142,1018.30074,36.069964
2020-12-18 13:42:24.249173,1018.18851,36.0706289
2020-12-18 13:42:24.794204,1018.0891,36.0673871
2020-12-18 13:42:25.339236,1017.97709,36.0644401
2020-12-18 13:42:25.893267,1017.87289,36.0684186
2020-12-18 13:42:26.438298,1017.76309,36.0635578
2020-12-18 13:42:26.982330,1017.64811,36.0564155
2020-12-18 13:42:27.537361,1017.54199,36.0587731
2020-12-18 13:42:28.084393,1017.43411,36.0538369
2020-12-18 13:42:28.626424,1017.32556,36.0535422
2020-12-18 13:42:29.167455,1017.21259,36.0508162
2020-12-18 13:42:29.730487,1017.10191,36.0514612
2020-12-18 13:42:30.285519,1016.99469,36.0465966
2020-12-18 13:42:30.850551,1016.89027,36.0418077
2020-12-18 13:42:31.399582,1016.76868,36.0376818
2020-12-18 13:42:31.945613,1016.66411,36.0425444
2020-12-18 13:42:32.510646,1016.55284,36.0321586
2020-12-18 13:42:33.055677,1016.44208,36.0309808
2020-12-18 13:42:33.610709,1016.32919,36.0300967
2020-12-18 13:42:34.209743,1016.20819,36.0281812
2020-12-18 13:42:34.763775,1016.10222,36.027297
2020-12-18 13:42:35.306806,1015.99161,36.0210346
2020-12-18 13:42:35.848837,1015.88388,36.0179402
2020-12-18 13:42:36.410869,1015.77902,36.0227292
2020-12-18 13:42:36.956900,1015.6662,36.0197084
2020-12-18 13:42:37.505932,1015.5536,36.0154353
2020-12-18 13:42:38.061963,1015.44888,36.0124893
2020-12-18 13:42:38.652997,1015.32906,36.014923
2020-12-18 13:42:39.209029,1015.2214,36.011755
2020-12-18 13:42:39.760060,1015.10887,36.0095447
2020-12-18 13:42:40.296091,1015.00003,36.0054925
2020-12-18 13:42:40.855123,1014.8906,36.0029858
2020-12-18 13:42:41.396154,1014.77778,36.0049611
2020-12-18 13:42:41.948186,1014.67763,36.0003914
2020-12-18 13:42:42.501217,1014.56388,35.9984022
2020-12-18 13:42:43.048249,1014.45091,35.9992863
2020-12-18 13:42:43.623281,1014.34008,35.9875718
2020-12-18 13:42:44.187314,1014.22372,35.9910371
2020-12-18 13:42:44.752346,1014.11532,35.9849967
2020-12-18 13:42:45.297377,1013.99756,35.9825654
2020-12-18 13:42:45.836408,1013.89418,35.9830075
2020-12-18 13:42:46.378439,1013.78622,35.9814603
2020-12-18 13:42:46.942471,1013.68156,35.9748412
2020-12-18 13:42:47.487502,1013.57095,35.9773579
2020-12-18 13:42:48.059535,1013.45127,35.9751477
2020-12-18 13:42:48.608567,1013.34081,35.9751477
2020-12-18 13:42:49.195600,1013.22394,35.9665276
2020-12-18 13:42:49.738631,1013.11163,35.967338
2020-12-18 13:42:50.288663,1013.00478,35.9632122
2020-12-18 13:42:50.839694,1012.90928,35.95916
2020-12-18 13:42:51.379725,1012.79432,35.9586443
2020-12-18 13:42:51.919756,1012.68401,35.9592337
2020-12-18 13:42:52.477788,1012.58091,35.9548869
2020-12-18 13:42:53.045820,1012.46824,35.9527557
2020-12-18 13:42:53.582851,1012.34458,35.9467885
2020-12-18 13:42:54.126882,1012.24606,35.9451677
2020-12-18 13:42:54.689914,1012.1339,35.9474516
2020-12-18 13:42:55.250946,1012.02609,35.9456834
2020-12-18 13:42:55.809978,1011.91092,35.9434037
2020-12-18 13:42:56.368010,1011.80392,35.9381745
2020-12-18 13:42:56.937043,1011.68557,35.9348591
2020-12-18 13:42:57.499075,1011.57282,35.9375851
2020-12-18 13:42:58.076108,1011.45646,35.9328699
2020-12-18 13:42:58.621139,1011.35661,35.9288182
2020-12-18 13:42:59.198172,1011.2432,35.9265347
2020-12-18 13:42:59.750204,1011.12478,35.9261663
2020-12-18 13:43:00.325237,1011.02331,35.9226299
2020-12-18 13:43:00.878268,1010.90386,35.9194618
2020-12-18 13:43:01.414299,1010.79649,35.9228527
2020-12-18 13:43:01.949330,1010.68957,35.917626
2020-12-18 13:43:02.514362,1010.58404,35.915342
2020-12-18 13:43:03.057393,1010.47358,35.9121003
2020-12-18 13:43:03.614425,1010.35869,35.9050274
2020-12-18 13:43:04.183457,1010.2458,35.9081958
2020-12-18 13:43:04.753490,1010.13821,35.9081249
2020-12-18 13:43:05.314522,1010.02723,35.9008314
2020-12-18 13:43:05.858553,1009.91441,35.9012734
2020-12-18 13:43:06.413585,1009.81007,35.8993579
2020-12-18 13:43:06.954616,1009.69548,35.8938322
2020-12-18 13:43:07.502647,1009.58995,35.8976487
2020-12-18 13:43:08.063679,1009.47986,35.8914536
2020-12-18 13:43:08.608710,1009.36977,35.889096
2020-12-18 13:43:09.157742,1009.2626,35.8899801
2020-12-18 13:43:09.700773,1009.15773,35.8832756
2020-12-18 13:43:10.260805,1009.04668,35.882392
2020-12-18 13:43:10.803836,1008.93688,35.8787087
2020-12-18 13:43:11.351867,1008.82954,35.8776772
2020-12-18 13:43:11.913900,1008.72328,35.8741408
2020-12-18 13:43:12.460931,1008.61326,35.8723726
2020-12-18 13:43:13.034964,1008.50449,35.8720054
2020-12-18 13:43:13.586995,1008.39636,35.8667792
2020-12-18 13:43:14.131026,1008.2831,35.8654531
2020-12-18 13:43:14.699059,1008.16925,35.8672213
2020-12-18 13:43:15.241090,1008.06918,35.8649373
2020-12-18 13:43:15.782121,1007.96446,35.8590433
2020-12-18 13:43:16.356154,1007.85422,35.8589719
2020-12-18 13:43:16.902185,1007.73639,35.858088
2020-12-18 13:43:17.474218,1007.63035,35.8546989
2020-12-18 13:43:18.025249,1007.52429,35.8554357
2020-12-18 13:43:18.563280,1007.41419,35.8507204
2020-12-18 13:43:19.111311,1007.3069,35.8496153
2020-12-18 13:43:19.704345,1007.18929,35.8433529
2020-12-18 13:43:20.264377,1007.08664,35.8362063
2020-12-18 13:43:20.830410,1006.9775,35.8418057
2020-12-18 13:43:21.390442,1006.86328,35.8354696
2020-12-18 13:43:21.942473,1006.75466,35.8293575
2020-12-18 13:43:22.505505,1006.64693,35.8309077
2020-12-18 13:43:23.055537,1006.53882,35.8339284
2020-12-18 13:43:23.605568,1006.43094,35.8268555
2020-12-18 13:43:24.146599,1006.31893,35.822877
2020-12-18 13:43:24.704631,1006.21333,35.8251687
2020-12-18 13:43:25.245662,1006.11083,35.8202506
2020-12-18 13:43:25.809694,1006.00191,35.8162721
2020-12-18 13:43:26.352725,1005.89536,35.8213558
2020-12-18 13:43:26.897757,1005.79644,35.8162721
2020-12-18 13:43:27.442788,1005.68199,35.8119989
2020-12-18 13:43:28.002820,1005.56873,35.8112434
2020-12-18 13:43:28.562852,1005.46365,35.8075575
2020-12-18 13:43:29.110883,1005.35756,35.809031
2020-12-18 13:43:29.661915,1005.25152,35.8076312
2020-12-18 13:43:30.209946,1005.14135,35.8039474
2020-12-18 13:43:30.757977,1005.037,35.8019618
2020-12-18 13:43:31.311009,1004.93243,35.8010064
2020-12-18 13:43:31.859040,1004.82315,35.7985751
2020-12-18 13:43:32.413072,1004.71402,35.7951123
2020-12-18 13:43:32.961103,1004.61129,35.7910601
2020-12-18 13:43:33.505134,1004.50238,35.7885566
2020-12-18 13:43:34.062166,1004.3931,35.788706
2020-12-18 13:43:34.596197,1004.29575,35.7880429
2020-12-18 13:43:35.152229,1004.18337,35.7866431
2020-12-18 13:43:35.699260,1004.07785,35.7817805
2020-12-18 13:43:36.271293,1003.96687,35.7813349
2020-12-18 13:43:36.832325,1003.85759,35.7797001
2020-12-18 13:43:37.384356,1003.75619,35.7765321
2020-12-18 13:43:37.932388,1003.64378,35.7686488
2020-12-18 13:43:38.480419,1003.53597,35.7743955
2020-12-18 13:43:39.057452,1003.43303,35.7711538
2020-12-18 13:43:39.608484,1003.3233,35.7638432
2020-12-18 13:43:40.152515,1003.21498,35.7644284
2020-12-18 13:43:40.695546,1003.11306,35.7648705
2020-12-18 13:43:41.260578,1003.00724,35.7611867
2020-12-18 13:43:41.806609,1002.89936,35.7550716
2020-12-18 13:43:42.359641,1002.79745,35.75095
2020-12-18 13:43:42.919673,1002.68035,35.7539013
2020-12-18 13:43:43.479705,1002.57667,35.7508069
2020-12-18 13:43:44.026736,1002.47063,35.75147
2020-12-18 13:43:44.573768,1002.36726,35.7451339
2020-12-18 13:43:45.125799,1002.26461,35.7446996
2020-12-18 13:43:45.671830,1002.15452,35.7455282
2020-12-18 13:43:46.216862,1002.04464,35.7464859
2020-12-18 13:43:46.774893,1001.94302,35.7426548
2020-12-18 13:43:47.327925,1001.83728,35.7400025
2020-12-18 13:43:47.877957,1001.73831,35.7390449
2020-12-18 13:43:48.429988,1001.62468,35.7331529
2020-12-18 13:43:48.989020,1001.52026,35.7285853
2020-12-18 13:43:49.554052,1001.4067,35.7249751
2020-12-18 13:43:50.119085,1001.30368,35.7245331
2020-12-18 13:43:50.664116,1001.19226,35.7192284
2020-12-18 13:43:51.224148,1001.09111,35.7221615
2020-12-18 13:43:51.767179,1000.98353,35.7167772
2020-12-18 13:43:52.311210,1000.87697,35.7159668
2020-12-18 13:43:52.851241,1000.77395,35.7152301
2020-12-18 13:43:53.416273,1000.66872,35.7135355
2020-12-18 13:43:53.968305,1000.55472,35.7133269
2020-12-18 13:43:54.538338,1000.45361,35.7063402
2020-12-18 13:43:55.093369,1000.34588,35.7078137
2020-12-18 13:43:55.637400,1000.23549,35.7053824
2020-12-18 13:43:56.193432,1000.13417,35.699562
2020-12-18 13:43:56.749464,1000.02444,35.6984572
2020-12-18 13:43:57.316496,999.924736,35.6944794
2020-12-18 13:43:57.863528,999.810218,35.6949951
2020-12-18 13:43:58.404559,999.70742,35.6961002
2020-12-18 13:43:58.944590,999.606685,35.6872591
2020-12-18 13:43:59.482620,999.500275,35.6895431
2020-12-18 13:44:00.031652,999.399982,35.6863798
2020-12-18 13:44:00.582683,999.295342,35.6842444
2020-12-18 13:44:01.125714,999.187827,35.6821078
2020-12-18 13:44:01.687746,999.081934,35.6787187
2020-12-18 13:44:02.244778,998.972356,35.6814447
2020-12-18 13:44:02.811811,998.875968,35.6763632
2020-12-18 13:44:03.359842,998.761969,35.6731228
2020-12-18 13:44:03.901873,998.651212,35.671944
2020-12-18 13:44:04.446904,998.555487,35.6741543
2020-12-18 13:44:05.001936,998.446794,35.668997
2020-12-18 13:44:05.552968,998.343479,35.6625816
2020-12-18 13:44:06.108999,998.238986,35.6641205
2020-12-18 13:44:06.672032,998.132724,35.6557215
2020-12-18 13:44:07.218063,998.026904,35.6581528
2020-12-18 13:44:07.781095,997.917989,35.6549847
2020-12-18 13:44:08.343127,997.813201,35.6560905
2020-12-18 13:44:08.897159,997.704508,35.6473259
2020-12-18 13:44:09.447190,997.59854,35.6483573
2020-12-18 13:44:10.002222,997.495226,35.6447472
2020-12-18 13:44:10.573255,997.387122,35.6393689
2020-12-18 13:44:11.129286,997.277227,35.6429053
2020-12-18 13:44:11.674318,997.173742,35.6391479
2020-12-18 13:44:12.216349,997.075144,35.6328117
2020-12-18 13:44:12.762380,996.971166,35.6343589
2020-12-18 13:44:13.322412,996.868182,35.6303068
2020-12-18 13:44:13.868443,996.765272,35.6300121
2020-12-18 13:44:14.422475,996.659157,35.6213956
2020-12-18 13:44:14.979507,996.547442,35.6216927
2020-12-18 13:44:15.543539,996.445233,35.6228715
2020-12-18 13:44:16.119572,996.339193,35.6235346
2020-12-18 13:44:16.667603,996.234183,35.6182299
2020-12-18 13:44:17.211634,996.125932,35.6167578
2020-12-18 13:44:17.764666,996.022881,35.6132971
2020-12-18 13:44:18.333699,995.915837,35.6147706
2020-12-18 13:44:18.900731,995.815397,35.6123393
2020-12-18 13:44:19.465763,995.697639,35.6090976
2020-12-18 13:44:20.013795,995.598721,35.6047507
2020-12-18 13:44:20.585827,995.489339,35.6010669
2020-12-18 13:44:21.143859,995.382487,35.5997407
2020-12-18 13:44:21.685890,995.278657,35.5997407
2020-12-18 13:44:22.237922,995.176484,35.5947308
2020-12-18 13:44:22.788953,995.067973,35.5971621
2020-12-18 13:44:23.346985,994.966059,35.5928937
2020-12-18 13:44:23.907017,994.863113,35.5895058
2020-12-18 13:44:24.457049,994.752759,35.58899
2020-12-18 13:44:24.997080,994.654491,35.5847905
2020-12-18 13:44:25.540111,994.546829,35.5813278
2020-12-18 13:44:26.089142,994.448379,35.5799434
2020-12-18 13:44:26.646174,994.345158,35.57988
2020-12-18 13:44:27.193205,994.239064,35.5753858
2020-12-18 13:44:27.741237,994.135161,35.5731755
2020-12-18 13:44:28.298268,994.030299,35.5703021
2020-12-18 13:44:28.858301,993.926183,35.5692721
2020-12-18 13:44:29.395331,993.821704,35.5660324
2020-12-18 13:44:29.936362,993.718905,35.5605804
2020-12-18 13:44:30.481393,993.617212,35.5637484
2020-12-18 13:44:31.060426,993.514561,35.5562335
2020-12-18 13:44:31.612458,993.403727,35.5580017
2020-12-18 13:44:32.167490,993.298791,35.5575597
2020-12-18 13:44:32.715521,993.195329,35.5546126
2020-12-18 13:44:33.263552,993.091499,35.5515182
2020-12-18 13:44:33.807584,992.988929,35.5504868
2020-12-18 13:44:34.365616,992.883256,35.5508552
2020-12-18 13:44:34.942649,992.78709,35.5435654
2020-12-18 13:44:35.483679,992.670954,35.5387783
2020-12-18 13:44:36.027711,992.566631,35.5384836
2020-12-18 13:44:36.579742,992.468033,35.5401044
2020-12-18 13:44:37.143774,992.365971,35.5403991
2020-12-18 13:44:37.686805,992.257498,35.5345805
2020-12-18 13:44:38.239837,992.154328,35.5333297
2020-12-18 13:44:38.795869,992.053961,35.5314141
2020-12-18 13:44:39.340900,991.949836,35.5284671
2020-12-18 13:44:39.880931,991.84888,35.5255937
2020-12-18 13:44:40.440963,991.741885,35.5243438
2020-12-18 13:44:40.991995,991.638423,35.5208133
2020-12-18 13:44:41.539026,991.541741,35.5207396
2020-12-18 13:44:42.088057,991.439384,35.5214763
2020-12-18 13:44:42.636089,991.333196,35.5172031
2020-12-18 13:44:43.192120,991.231135,35.5178662
2020-12-18 13:44:43.741152,991.129957,35.5111479
2020-12-18 13:44:44.291183,991.021853,35.5066502
2020-12-18 13:44:44.839215,990.913307,35.5077554
2020-12-18 13:44:45.410247,990.815445,35.5025981
2020-12-18 13:44:45.950278,990.713163,35.4989143
2020-12-18 13:44:46.489309,990.608596,35.4957513
2020-12-18 13:44:47.026340,990.505281,35.4962704
2020-12-18 13:44:47.568371,990.409631,35.4992174
2020-12-18 13:44:48.127403,990.305285,35.4932497
2020-12-18 13:44:48.671434,990.201823,35.4935444
2020-12-18 13:44:49.236466,990.09963,35.4915575
2020-12-18 13:44:49.777497,989.996831,35.4930346
2020-12-18 13:44:50.317528,989.89337,35.4782994
2020-12-18 13:44:50.859559,989.793814,35.4839725
2020-12-18 13:44:51.402590,989.695949,35.4844145
2020-12-18 13:44:51.938621,989.592856,35.4821306
2020-12-18 13:44:52.483652,989.488141,35.4823721
2020-12-18 13:44:53.031683,989.393302,35.4757464
2020-12-18 13:44:53.574714,989.290573,35.4730204
2020-12-18 13:44:54.137746,989.181124,35.4704418
2020-12-18 13:44:54.702779,989.079283,35.4720626
2020-12-18 13:44:55.249810,988.974569,35.4740431
2020-12-18 13:44:55.804842,988.869763,35.4651224
2020-12-18 13:44:56.368874,988.771842,35.4721953
2020-12-18 13:44:56.919906,988.667054,35.4680694
2020-12-18 13:44:57.459936,988.565877,35.4602598
2020-12-18 13:44:58.017968,988.46411,35.4587139
2020-12-18 13:44:58.571000,988.36227,35.4604842
2020-12-18 13:44:59.120031,988.26183,35.4544428
2020-12-18 13:44:59.667063,988.157705,35.4498749
2020-12-18 13:45:00.210094,988.052761,35.4488434
2020-12-18 13:45:00.774126,987.953786,35.4487709
2020-12-18 13:45:01.314157,987.85423,35.4468601
2020-12-18 13:45:01.874189,987.750399,35.4405977
2020-12-18 13:45:02.426220,987.645661,35.4414081
2020-12-18 13:45:02.973252,987.542905,35.4372822
2020-12-18 13:45:03.524283,987.443128,35.4394188
2020-12-18 13:45:04.074315,987.339961,35.4341201
2020-12-18 13:45:04.620346,987.24256,35.4356698
2020-12-18 13:45:05.157377,987.138726,35.4360382
2020-12-18 13:45:05.710408,987.034749,35.4305862
2020-12-18 13:45:06.285441,986.934603,35.4281549
2020-12-18 13:45:06.838473,986.832254,35.4299985
2020-12-18 13:45:07.388504,986.723476,35.4187278
2020-12-18 13:45:07.927535,986.628488,35.4193172
2020-12-18 13:45:08.472566,986.529375,35.4185804
2020-12-18 13:45:09.018598,986.428639,35.4165175
2020-12-18 13:45:09.584630,986.320756,35.4162983
2020-12-18 13:45:10.127661,986.222158,35.4163761
2020-12-18 13:45:10.675692,986.121865,35.4192494
2020-12-18 13:45:11.230724,986.021204,35.4115135
2020-12-18 13:45:11.780756,985.921243,35.4053984
2020-12-18 13:45:12.327787,985.818813,35.4073876
2020-12-18 13:45:12.904820,985.712477,35.4073117
2020-12-18 13:45:13.448851,985.607837,35.4085639
2020-12-18 13:45:14.020884,985.507761,35.4006069
2020-12-18 13:45:14.577916,985.409311,35.3958917
2020-12-18 13:45:15.139948,985.300838,35.3941971
2020-12-18 13:45:15.686979,985.201503,35.400535
2020-12-18 13:45:16.245011,985.096811,35.3903685
2020-12-18 13:45:16.794042,985.003371,35.3862426
2020-12-18 13:45:17.335073,984.899099,35.3853585
2020-12-18 13:45:17.887105,984.800059,35.3847691
2020-12-18 13:45:18.443137,984.692909,35.3824138
2020-12-18 13:45:19.000168,984.593353,35.3801334
2020-12-18 13:45:19.548200,984.487681,35.3807228
2020-12-18 13:45:20.101231,984.393136,35.3805018
2020-12-18 13:45:20.649263,984.288561,35.3779968
2020-12-18 13:45:21.211295,984.186499,35.3762245
2020-12-18 13:45:21.773327,984.089301,35.3744397
2020-12-18 13:45:22.324359,983.983924,35.3697245
2020-12-18 13:45:22.869390,983.880974,35.3690614
2020-12-18 13:45:23.426422,983.780092,35.365967
2020-12-18 13:45:23.975453,983.681641,35.3636094
2020-12-18 13:45:24.535485,983.584148,35.357278
2020-12-18 13:45:25.103518,983.472507,35.3617734
2020-12-18 13:45:25.650549,983.372509,35.3578686
2020-12-18 13:45:26.191580,983.274942,35.3594895
2020-12-18 13:45:26.738611,983.17347,35.3523429
2020-12-18 13:45:27.287642,983.077179,35.3511661
2020-12-18 13:45:27.836674,982.973275,35.3532304
2020-12-18 13:45:28.373705,982.873645,35.344463
2020-12-18 13:45:28.937737,982.771805,35.3451261
2020-12-18 13:45:29.475768,982.672101,35.3446103
2020-12-18 13:45:30.040800,982.580135,35.3391586
2020-12-18 13:45:30.588831,982.473358,35.3379804
2020-12-18 13:45:31.127862,982.375718,35.3352544
2020-12-18 13:45:31.665893,982.276123,35.3359912
2020-12-18 13:45:32.205924,982.175757,35.3323074
2020-12-18 13:45:32.747955,982.079443,35.3303181
2020-12-18 13:45:33.292986,981.980255,35.3280362
2020-12-18 13:45:33.851018,981.88173,35.3255317
2020-12-18 13:45:34.401049,981.776813,35.3256054
2020-12-18 13:45:34.952081,981.674089,35.3284051
2020-12-18 13:45:35.510113,981.576817,35.3181641
2020-12-18 13:45:36.061144,981.480594,35.3202306
2020-12-18 13:45:36.618176,981.375676,35.3207487
2020-12-18 13:45:37.177208,981.275162,35.3141915
2020-12-18 13:45:37.726240,981.180175,35.3130127
2020-12-18 13:45:38.286272,981.070597,35.3119812
2020-12-18 13:45:38.831303,980.971262,35.3105077
2020-12-18 13:45:39.408336,980.867063,35.3067502
2020-12-18 13:45:39.967368,980.774802,35.3064555
2020-12-18 13:45:40.513399,980.671758,35.3063818
2020-12-18 13:45:41.061430,980.570233,35.302477
2020-12-18 13:45:41.604461,980.474878,35.2979845
2020-12-18 13:45:42.152493,980.37628,35.296665
2020-12-18 13:45:42.698524,980.280447,35.2922445
2020-12-18 13:45:43.247555,980.182698,35.2866451
2020-12-18 13:45:43.806587,980.075994,35.2901815
2020-12-18 13:45:44.366619,979.979607,35.2874555
2020-12-18 13:45:44.918651,979.878273,35.2829428
2020-12-18 13:45:45.458682,979.777893,35.2800649
2020-12-18 13:45:46.000713,979.676642,35.2776336
2020-12-18 13:45:46.537744,979.581876,35.2775599
2020-12-18 13:45:47.081775,979.48232,35.2780019
2020-12-18 13:45:47.630806,979.38468,35.2749203
2020-12-18 13:45:48.173837,979.288292,35.274491
2020-12-18 13:45:48.744870,979.188073,35.2753015
2020-12-18 13:45:49.302902,979.087566,35.2683022
2020-12-18 13:45:49.857933,978.981661,35.2662393
2020-12-18 13:45:50.406965,978.887411,35.2623363
2020-12-18 13:45:50.952996,978.790581,35.2684555
2020-12-18 13:45:51.500027,978.688593,35.2618247
2020-12-18 13:45:52.055059,978.593389,35.2597617
2020-12-18 13:45:52.612091,978.496118,35.256741
2020-12-18 13:45:53.192124,978.395383,35.2561496
2020-12-18 13:45:53.745156,978.280867,35.2545868
2020-12-18 13:45:54.299187,978.183982,35.2511957
2020-12-18 13:45:54.846219,978.093858,35.2446385
2020-12-18 13:45:55.390250,977.991501,35.2436807
2020-12-18 13:45:55.934281,977.893788,35.2397022
2020-12-18 13:45:56.491313,977.795042,35.2435975
2020-12-18 13:45:57.084347,977.696444,35.2421935
2020-12-18 13:45:57.626378,977.590477,35.2427829
2020-12-18 13:45:58.165409,977.494089,35.2374046
2020-12-18 13:45:58.705439,977.396371,35.2357837
2020-12-18 13:45:59.277472,977.302858,35.2281111
2020-12-18 13:45:59.834504,977.197996,35.2286166
2020-12-18 13:46:00.398536,977.097924,35.2274378
2020-12-18 13:46:00.941567,977.000063,35.2302375
2020-12-18 13:46:01.487599,976.902275,35.2236803
2020-12-18 13:46:02.047631,976.807214,35.2212511
2020-12-18 13:46:02.590662,976.701616,35.2178667
2020-12-18 13:46:03.140693,976.613846,35.2142566
2020-12-18 13:46:03.699725,976.50552,35.219856
2020-12-18 13:46:04.245756,976.403385,35.2160248
2020-12-18 13:46:04.787787,976.312451,35.2119727
2020-12-18 13:46:05.347819,976.215322,35.206376
2020-12-18 13:46:05.897851,976.115029,35.2116077
2020-12-18 13:46:06.445882,976.013926,35.2015878
2020-12-18 13:46:06.998914,975.920928,35.2055663
2020-12-18 13:46:07.547945,975.816539,35.2027666
2020-12-18 13:46:08.091976,975.722215,35.2035806
2020-12-18 13:46:08.660009,975.623395,35.2036566
2020-12-18 13:46:09.198040,975.524797,35.1983519
2020-12-18 13:46:09.790073,975.420963,35.1984256
2020-12-18 13:46:10.334105,975.326933,35.1947418
2020-12-18 13:46:10.887136,975.224798,35.1874401
2020-12-18 13:46:11.455169,975.13099,35.1852917
2020-12-18 13:46:12.009200,975.022651,35.1878704
2020-12-18 13:46:12.554232,974.927074,35.1897859
2020-12-18 13:46:13.109263,974.828697,35.1833025
2020-12-18 13:46:13.657295,974.734225,35.1841878
2020-12-18 13:46:14.220327,974.635974,35.180214
2020-12-18 13:46:14.784359,974.537155,35.1758671
2020-12-18 13:46:15.331390,974.441873,35.1760881
2020-12-18 13:46:15.911424,974.340548,35.1704887
2020-12-18 13:46:16.461455,974.235608,35.1659208
2020-12-18 13:46:17.024487,974.1446,35.1685026
2020-12-18 13:46:17.570518,974.044823,35.1677662
2020-12-18 13:46:18.111549,973.942835,35.1636403
2020-12-18 13:46:18.670581,973.851159,35.1564201
2020-12-18 13:46:19.218613,973.759193,35.1593671
2020-12-18 13:46:19.779645,973.657279,35.1556853
2020-12-18 13:46:20.328676,973.559049,35.155392
2020-12-18 13:46:20.870707,973.462096,35.1567918
2020-12-18 13:46:21.420739,973.360992,35.1516345
2020-12-18 13:46:21.982771,973.268068,35.1498663
2020-12-18 13:46:22.543803,973.167112,35.1530279
2020-12-18 13:46:23.093834,973.072562,35.1470505
2020-12-18 13:46:23.657867,972.977796,35.1502185
2020-12-18 13:46:24.205898,972.870208,35.1450612
2020-12-18 13:46:24.748929,972.778905,35.1424826
2020-12-18 13:46:25.292960,972.683181,35.1383567
2020-12-18 13:46:25.843992,972.580382,35.1401986
2020-12-18 13:46:26.402024,972.48989,35.1376936
2020-12-18 13:46:26.956055,972.38805,35.1346729
2020-12-18 13:46:27.513087,972.296662,35.1289262
2020-12-18 13:46:28.063119,972.189964,35.1258318
2020-12-18 13:46:28.618150,972.095346,35.1276784
2020-12-18 13:46:29.172182,971.999032,35.1301846
2020-12-18 13:46:29.722214,971.901009,35.122817
2020-12-18 13:46:30.282246,971.799571,35.1231854
2020-12-18 13:46:30.837277,971.709668,35.1185438
2020-12-18 13:46:31.374308,971.605027,35.1245852
2020-12-18 13:46:31.917339,971.513907,35.1163335
2020-12-18 13:46:32.471371,971.418512,35.1118393
2020-12-18 13:46:33.047404,971.320356,35.1143443
2020-12-18 13:46:33.596435,971.222863,35.1151547
2020-12-18 13:46:34.146467,971.12528,35.1116937
2020-12-18 13:46:34.715499,971.024897,35.1069089
2020-12-18 13:46:35.264531,970.933152,35.1060248
2020-12-18 13:46:35.812562,970.826449,35.1088981
2020-12-18 13:46:36.354593,970.740894,35.0982151
2020-12-18 13:46:36.895624,970.641706,35.0969626
2020-12-18 13:46:37.455656,970.542445,35.0979257
2020-12-18 13:46:37.998687,970.449153,35.0950529
2020-12-18 13:46:38.539718,970.354842,35.0940215
2020-12-18 13:46:39.080749,970.257331,35.0922532
2020-12-18 13:46:39.634780,970.166102,35.0895272
2020-12-18 13:46:40.186812,970.070673,35.0873956
2020-12-18 13:46:40.756845,969.973844,35.08762
2020-12-18 13:46:41.311876,969.873767,35.0837152
2020-12-18 13:46:41.853907,969.778559,35.082168
2020-12-18 13:46:42.407939,969.682024,35.0839362
2020-12-18 13:46:42.952970,969.588511,35.0748041
2020-12-18 13:46:43.491001,969.490202,35.0696524
2020-12-18 13:46:44.038032,969.403542,35.0730415
2020-12-18 13:46:44.603065,969.303913,35.0756938
2020-12-18 13:46:45.164097,969.206715,35.0727468
2020-12-18 13:46:45.720129,969.104669,35.0645733
2020-12-18 13:46:46.267160,969.012335,35.0651074
2020-12-18 13:46:46.813191,968.915284,35.0596553
2020-12-18 13:46:47.379223,968.816318,35.0613499
2020-12-18 13:46:47.925255,968.723757,35.0578871
2020-12-18 13:46:48.463285,968.623907,35.0524351
2020-12-18 13:46:49.031318,968.529288,35.0564
2020-12-18 13:46:49.572349,968.437617,35.0527864
2020-12-18 13:46:50.117380,968.341025,35.0533758
2020-12-18 13:46:50.662411,968.250385,35.0485132
2020-12-18 13:46:51.230444,968.156872,35.0473344
2020-12-18 13:46:51.778475,968.056505,35.0461568
2020-12-18 13:46:52.330507,967.956571,35.048221
2020-12-18 13:46:52.884538,967.863205,35.045716
2020-12-18 13:46:53.430570,967.772344,35.0447582
2020-12-18 13:46:53.988601,967.675441,35.0384221
2020-12-18 13:46:54.530632,967.58069,35.0340099
2020-12-18 13:46:55.089664,967.490861,35.0403655
2020-12-18 13:46:55.639696,967.391747,35.0337347
2020-12-18 13:46:56.191728,967.294181,35.0315981
2020-12-18 13:46:56.734759,967.20221,35.0285037
2020-12-18 13:46:57.288790,967.106486,35.0280616
2020-12-18 13:46:57.841822,967.010172,35.0241621
2020-12-18 13:46:58.395854,966.920416,35.0254151
2020-12-18 13:46:58.958886,966.824158,35.0159109
2020-12-18 13:46:59.505917,966.729847,35.0130376
2020-12-18 13:47:00.059949,966.631175,35.0137006
2020-12-18 13:47:00.614980,966.540757,35.0100209
2020-12-18 13:47:01.168012,966.440562,35.0126014
2020-12-18 13:47:01.713043,966.349029,35.0083282
2020-12-18 13:47:02.261075,966.256916,35.0131908
2020-12-18 13:47:02.814106,966.163476,35.0053074
2020-12-18 13:47:03.398140,966.065394,35.0058232
2020-12-18 13:47:03.941171,965.969522,35.0011079
2020-12-18 13:47:04.490202,965.872103,34.9980135
2020-12-18 13:47:05.037233,965.781095,34.9943297
2020-12-18 13:47:05.588265,965.686077,34.9891724
2020-12-18 13:47:06.137296,965.593892,34.990205
2020-12-18 13:47:06.703329,965.497505,34.9925673
2020-12-18 13:47:07.250360,965.410107,34.9935988
2020-12-18 13:47:07.794391,965.309004,34.9918306
2020-12-18 13:47:08.353423,965.2118,34.9889572
2020-12-18 13:47:08.890454,965.122929,34.9828421
2020-12-18 13:47:09.444486,965.029342,34.9841129
2020-12-18 13:47:09.997517,964.933691,34.9794759
2020-12-18 13:47:10.550549,964.837475,34.9748343
2020-12-18 13:47:11.089580,964.747203,34.9773393
2020-12-18 13:47:11.637611,964.654795,34.9768972
2020-12-18 13:47:12.201643,964.560397,34.9707119
2020-12-18 13:47:12.753675,964.4702,34.9672515
2020-12-18 13:47:13.302706,964.376392,34.9681356
2020-12-18 13:47:13.851738,964.285236,34.9644518
2020-12-18 13:47:14.420770,964.188996,34.9626099
2020-12-18 13:47:14.962801,964.10123,34.96276
2020-12-18 13:47:15.519833,964.005359,34.9629851
2020-12-18 13:47:16.059864,963.905803,34.9583435
2020-12-18 13:47:16.607895,963.813837,34.9595959
2020-12-18 13:47:17.157927,963.724013,34.9584908
2020-12-18 13:47:17.702958,963.626815,34.9585651
2020-12-18 13:47:18.250989,963.537575,34.9527493
2020-12-18 13:47:18.802021,963.450768,34.9480346
2020-12-18 13:47:19.348052,963.352484,34.9501713
2020-12-18 13:47:19.907084,963.259634,34.9482557
2020-12-18 13:47:20.463116,963.168847,34.9425089
2020-12-18 13:47:21.010147,963.073123,34.9395042
2020-12-18 13:47:21.557178,962.983299,34.9370061
2020-12-18 13:47:22.106210,962.895976,34.9378165
2020-12-18 13:47:22.656241,962.802462,34.9347221
2020-12-18 13:47:23.200272,962.706369,34.9347958
2020-12-18 13:47:23.778305,962.612782,34.934344
2020-12-18 13:47:24.331337,962.518237,34.9299137
2020-12-18 13:47:24.876368,962.423176,34.9299874
2020-12-18 13:47:25.430400,962.335558,34.9271877
2020-12-18 13:47:25.987432,962.242384,34.9257878
2020-12-18 13:47:26.538463,962.151229,34.9219573
2020-12-18 13:47:27.087495,962.052852,34.9170238
2020-12-18 13:47:27.634526,961.965454,34.9204129
2020-12-18 13:47:28.176557,961.875625,34.916066
2020-12-18 13:47:28.732589,961.782333,34.9145924
2020-12-18 13:47:29.292621,961.692357,34.9140767
2020-12-18 13:47:29.864653,961.594053,34.9124423
2020-12-18 13:47:30.414685,961.505718,34.9121442
2020-12-18 13:47:30.966717,961.411984,34.9077236
2020-12-18 13:47:31.516748,961.322155,34.9052186
2020-12-18 13:47:32.067779,961.232473,34.9042608
2020-12-18 13:47:32.619811,961.139677,34.9019052
2020-12-18 13:47:33.168842,961.042198,34.8968966
2020-12-18 13:47:33.729875,960.95038,34.8977807
2020-12-18 13:47:34.270906,960.862172,34.8966755
2020-12-18 13:47:34.831938,960.773375,34.8921813
2020-12-18 13:47:35.376969,960.681998,34.8897523
2020-12-18 13:47:35.928000,960.595411,34.8893875
2020-12-18 13:47:36.483032,960.500129,34.8865141
2020-12-18 13:47:37.036064,960.407214,34.885851
2020-12-18 13:47:37.594096,960.316776,34.8830513
2020-12-18 13:47:38.141127,960.224662,34.8812836
2020-12-18 13:47:38.683158,960.135423,34.8810645
2020-12-18 13:47:39.234189,960.042683,34.8818013
2020-12-18 13:47:39.793221,959.949629,34.8804014
2020-12-18 13:47:40.331252,959.865769,34.8742863
2020-12-18 13:47:40.884284,959.777414,34.8753914
2020-12-18 13:47:41.434315,959.684563,34.8766466
2020-12-18 13:47:41.977346,959.596282,34.8711216
2020-12-18 13:47:42.527378,959.502621,34.8695007
2020-12-18 13:47:43.092410,959.414192,34.8683219
2020-12-18 13:47:43.643442,959.321047,34.8636066
2020-12-18 13:47:44.182472,959.230481,34.8643463
2020-12-18 13:47:44.726504,959.14441,34.860076
2020-12-18 13:47:45.273535,959.059961,34.8581604
2020-12-18 13:47:45.822566,958.969321,34.8558765
2020-12-18 13:47:46.379598,958.872486,34.8593393
2020-12-18 13:47:46.942630,958.789216,34.853513
2020-12-18 13:47:47.492662,958.697544,34.8544572
2020-12-18 13:47:48.036693,958.603146,34.8495209
2020-12-18 13:47:48.592725,958.515844,34.8481948
2020-12-18 13:47:49.151757,958.420046,34.8487842
2020-12-18 13:47:49.729790,958.334123,34.8415647
2020-12-18 13:47:50.270821,958.238177,34.8469497
2020-12-18 13:47:50.811852,958.15129,34.8454034
2020-12-18 13:47:51.349882,958.064851,34.8359728
2020-12-18 13:47:51.910914,957.972369,34.8395093
2020-12-18 13:47:52.489948,957.881213,34.8358255
2020-12-18 13:47:53.036979,957.789851,34.8359786
2020-12-18 13:47:53.599011,957.70098,34.8335498
2020-12-18 13:47:54.149042,957.614025,34.8293502
2020-12-18 13:47:54.706074,957.509679,34.8292029
2020-12-18 13:47:55.254106,957.423602,34.8256664
2020-12-18 13:47:55.806137,957.336868,34.8235967
2020-12-18 13:47:56.367169,957.248071,34.8218183
2020-12-18 13:47:56.920201,957.154115,34.8179872
2020-12-18 13:47:57.488233,957.054768,34.8234392
2020-12-18 13:47:58.038265,956.968919,34.818945
2020-12-18 13:47:58.584296,956.882332,34.8172519
2020-12-18 13:47:59.136328,956.790218,34.8167396
2020-12-18 13:47:59.672358,956.706131,34.8164449
2020-12-18 13:48:00.216390,956.615271,34.8109929
2020-12-18 13:48:00.764421,956.520136,34.809372
2020-12-18 13:48:01.317452,956.438634,34.8137189
2020-12-18 13:48:01.870484,956.34851,34.8107028
2020-12-18 13:48:02.437517,956.258681,34.8077569
2020-12-18 13:48:02.982548,956.170768,34.8062097
2020-12-18 13:48:03.533579,956.077623,34.8005367
2020-12-18 13:48:04.086611,955.985282,34.8011998
2020-12-18 13:48:04.630642,955.900022,34.7969158
2020-12-18 13:48:05.183674,955.81174,34.7972034
2020-12-18 13:48:05.742706,955.715058,34.7933723
2020-12-18 13:48:06.322739,955.628023,34.7925618
2020-12-18 13:48:06.868770,955.539889,34.7923408
2020-12-18 13:48:07.414801,955.449765,34.7868164
2020-12-18 13:48:07.958832,955.362663,34.7888814
2020-12-18 13:48:08.526865,955.277329,34.7858607
2020-12-18 13:48:09.076896,955.1903,34.7818821
2020-12-18 13:48:09.621927,955.094723,34.7802613
2020-12-18 13:48:10.182960,955.005852,34.7815102
2020-12-18 13:48:10.727991,954.920016,34.7768543
2020-12-18 13:48:11.272022,954.829671,34.7765596
2020-12-18 13:48:11.826054,954.746253,34.77376
2020-12-18 13:48:12.390086,954.658487,34.7702972
2020-12-18 13:48:12.954118,954.55711,34.7729495
2020-12-18 13:48:13.506150,954.478657,34.7684599
2020-12-18 13:48:14.048181,954.390449,34.7687558
2020-12-18 13:48:14.604212,954.30202,34.7683137
2020-12-18 13:48:15.143243,954.212486,34.7686821
2020-12-18 13:48:15.700275,954.130615,34.7607988
2020-12-18 13:48:16.257307,954.031575,34.7634531
2020-12-18 13:48:16.812339,953.951989,34.7585919
2020-12-18 13:48:17.366370,953.856098,34.7543187
2020-12-18 13:48:17.917402,953.773228,34.7599917
2020-12-18 13:48:18.470434,953.684136,34.7532872
2020-12-18 13:48:19.023465,953.597402,34.7506424
2020-12-18 13:48:19.579497,953.509335,34.75066
2020-12-18 13:48:20.134529,953.422227,34.7475656
2020-12-18 13:48:20.703561,953.330556,34.7480077
2020-12-18 13:48:21.246592,953.235273,34.7513968
2020-12-18 13:48:21.787623,953.158803,34.7415982
2020-12-18 13:48:22.333655,953.06821,34.7398326
2020-12-18 13:48:22.887686,952.979118,34.7370333
2020-12-18 13:48:23.431717,952.891426,34.7410118
2020-12-18 13:48:23.986749,952.806387,34.7399803
2020-12-18 13:48:24.531780,952.717589,34.7357808
2020-12-18 13:48:25.075811,952.630708,34.7298908
2020-12-18 13:48:25.638844,952.540952,34.7293031
2020-12-18 13:48:26.178874,952.456061,34.728861
2020-12-18 13:48:26.731906,952.365304,34.7274612
2020-12-18 13:48:27.280938,952.284244,34.7259877
2020-12-18 13:48:27.829969,952.195299,34.7189884
2020-12-18 13:48:28.379000,952.103702,34.7178833
2020-12-18 13:48:28.921031,952.022163,34.720683
2020-12-18 13:48:29.475063,951.933366,34.7195778
2020-12-18 13:48:30.023094,951.848326,34.7118418
2020-12-18 13:48:30.574126,951.760413,34.7125068
2020-12-18 13:48:31.118157,951.671904,34.7161242
2020-12-18 13:48:31.683189,951.588044,34.7150928
2020-12-18 13:48:32.233221,951.495489,34.7069147
2020-12-18 13:48:32.777252,951.40927,34.7075041
2020-12-18 13:48:33.330284,951.322972,34.7057359
2020-12-18 13:48:33.869314,951.238007,34.7056622
2020-12-18 13:48:34.435347,951.153483,34.6993997
2020-12-18 13:48:34.977378,951.064907,34.6987367
2020-12-18 13:48:35.535410,950.982662,34.6994734
2020-12-18 13:48:36.085441,950.888706,34.6968948
2020-12-18 13:48:36.650473,950.803593,34.6980771
2020-12-18 13:48:37.191504,950.718849,34.6935851
2020-12-18 13:48:37.739536,950.629039,34.6881331
2020-12-18 13:48:38.303568,950.54282,34.6873227
2020-12-18 13:48:38.850599,950.45616,34.6853334
2020-12-18 13:48:39.403631,950.368173,34.6873913
2020-12-18 13:48:39.954662,950.284271,34.6841377
2020-12-18 13:48:40.516695,950.199085,34.683622
2020-12-18 13:48:41.065726,950.108519,34.6811907
2020-12-18 13:48:41.625758,950.026575,34.6826642
2020-12-18 13:48:42.169789,949.931827,34.6819997
2020-12-18 13:48:42.724821,949.848114,34.6830933
2020-12-18 13:48:43.283853,949.76138,34.673956
2020-12-18 13:48:43.831884,949.675309,34.6726298
2020-12-18 13:48:44.388916,949.588495,34.6690197
2020-12-18 13:48:44.937947,949.504414,34.6640097
2020-12-18 13:48:45.485979,949.419817,34.6669608
2020-12-18 13:48:46.040010,949.331978,34.6689518
2020-12-18 13:48:46.586042,949.250697,34.6624683
2020-12-18 13:48:47.129073,949.1661,34.6661521
2020-12-18 13:48:47.672104,949.077818,34.6607738
2020-12-18 13:48:48.227136,948.990126,34.6538511
2020-12-18 13:48:48.794168,948.910534,34.6576852
2020-12-18 13:48:49.343199,948.820041,34.6541487
2020-12-18 13:48:49.883230,948.738687,34.6555486
2020-12-18 13:48:50.424261,948.655637,34.6475915
2020-12-18 13:48:50.962292,948.569413,34.6474453
2020-12-18 13:48:51.518324,948.485626,34.6478921
2020-12-18 13:48:52.077356,948.396829,34.6444293
2020-12-18 13:48:52.642388,948.30921,34.6434715
2020-12-18 13:48:53.183419,948.22734,34.6377247
2020-12-18 13:48:53.727450,948.142153,34.642219
2020-12-18 13:48:54.270481,948.061388,34.6409711
2020-12-18 13:48:54.824513,947.981507,34.6338994
2020-12-18 13:48:55.364544,947.894753,34.6359623
2020-12-18 13:48:55.924576,947.809433,34.6338257
2020-12-18 13:48:56.481608,947.724983,34.6324259
2020-12-18 13:48:57.034639,947.640165,34.6234408
2020-12-18 13:48:57.583671,947.552225,34.6224854
2020-12-18 13:48:58.149703,947.470522,34.6267586
2020-12-18 13:48:58.721736,947.379219,34.6249904
2020-12-18 13:48:59.262767,947.295359,34.6215276
2020-12-18 13:48:59.801798,947.210023,34.6241105
2020-12-18 13:49:00.339828,947.129368,34.61977
2020-12-18 13:49:00.892860,947.04256,34.6230855
2020-12-18 13:49:01.439891,946.960763,34.6192543
2020-12-18 13:49:01.997923,946.874733,34.6189596
2020-12-18 13:49:02.544954,946.788762,34.6132131
2020-12-18 13:49:03.091986,946.710576,34.6118154
2020-12-18 13:49:03.651018,946.624137,34.6118891
2020-12-18 13:49:04.200049,946.533015,34.6142467
2020-12-18 13:49:04.749081,946.453905,34.6042268
2020-12-18 13:49:05.293112,946.368423,34.6011324
2020-12-18 13:49:05.834143,946.285006,34.5971579
2020-12-18 13:49:06.391174,946.2022,34.6015066
2020-12-18 13:49:06.937206,946.120776,34.5997383
2020-12-18 13:49:07.479237,946.038389,34.594802
2020-12-18 13:49:08.018268,945.952392,34.597086
2020-12-18 13:49:08.582300,945.872739,34.5956875
2020-12-18 13:49:09.129331,945.780023,34.5911216
2020-12-18 13:49:09.667362,945.703238,34.5875851
2020-12-18 13:49:10.213393,945.62203,34.5885429
2020-12-18 13:49:10.773425,945.537655,34.5875114
2020-12-18 13:49:11.320456,945.447844,34.5822111
2020-12-18 13:49:11.876488,945.372164,34.5803865
2020-12-18 13:49:12.426520,945.288304,34.5837019
2020-12-18 13:49:12.975551,945.201128,34.5807549
2020-12-18 13:49:13.517582,945.122327,34.6735871
2020-12-18 13:49:14.072614,945.037656,34.6686507
2020-12-18 13:49:14.614645,944.956891,34.5734475
2020-12-18 13:49:15.156676,944.869936,34.5691709
2020-12-18 13:49:15.727709,944.79169,34.5691709
2020-12-18 13:49:16.267739,944.704072,34.5674763
2020-12-18 13:49:16.807770,944.625739,34.5628347
2020-12-18 13:49:17.346801,944.540036,34.5592275
2020-12-18 13:49:17.898833,944.462433,34.5654929
2020-12-18 13:49:18.461865,944.380121,34.5605566
2020-12-18 13:49:19.030897,944.292134,34.5618827
2020-12-18 13:49:19.577929,944.207242,34.5565044
2020-12-18 13:49:20.136961,944.126176,34.5548045
2020-12-18 13:49:20.677992,944.038705,34.5573708
2020-12-18 13:49:21.241024,943.960445,34.5545711
2020-12-18 13:49:21.814057,943.87909,34.5537606
2020-12-18 13:49:22.353087,943.794525,34.5524345
2020-12-18 13:49:22.894118,943.711107,34.5446985
2020-12-18 13:49:23.432149,943.633215,34.5440362
2020-12-18 13:49:23.976180,943.553998,34.5442573
2020-12-18 13:49:24.530212,943.463948,34.5452888
2020-12-18 13:49:25.083244,943.391952,34.5430785
2020-12-18 13:49:25.633275,943.299175,34.5407209
2020-12-18 13:49:26.184307,943.217894,34.534815
2020-12-18 13:49:26.725338,943.138645,34.5323786
2020-12-18 13:49:27.294370,943.056995,34.5321576
2020-12-18 13:49:27.842401,942.965619,34.5311262
2020-12-18 13:49:28.393433,942.890233,34.5278107
2020-12-18 13:49:28.962465,942.808503,34.5324648
2020-12-18 13:49:29.536498,942.720075,34.5305617
2020-12-18 13:49:30.085530,942.634593,34.5299723
2020-12-18 13:49:30.635561,942.55206,34.530046
2020-12-18 13:49:31.199593,942.47041,34.5253307
2020-12-18 13:49:31.739624,942.391856,34.5228267
2020-12-18 13:49:32.298656,942.303648,34.5228291
2020-12-18 13:49:32.833687,942.227747,34.522166
2020-12-18 13:49:33.397719,942.144476,34.5147984
2020-12-18 13:49:33.946751,942.053984,34.5075781
2020-12-18 13:49:34.489782,941.976461,34.5093463
2020-12-18 13:49:35.044813,941.897833,34.5134741
