Date_Time,RTD,Rsamp
2020-12-18 15:51:43.981005,753.054852,30.696119
2020-12-18 15:51:44.554037,753.044555,30.6944244
2020-12-18 15:51:45.103069,753.037849,30.6955296
2020-12-18 15:51:45.641100,753.033796,30.6900774
2020-12-18 15:51:46.216132,753.029375,30.6938333
2020-12-18 15:51:46.775164,753.01688,30.69678
2020-12-18 15:51:47.346197,753.004942,30.6968536
2020-12-18 15:51:47.895228,752.996688,30.6929487
2020-12-18 15:51:48.433259,752.982908,30.6941275
2020-12-18 15:51:48.977290,752.977254,30.6967725
2020-12-18 15:51:49.540323,752.968705,30.6955125
2020-12-18 15:51:50.085354,752.956325,30.6914602
2020-12-18 15:51:50.644386,752.944829,30.6984597
2020-12-18 15:51:51.198417,752.936544,30.6958072
2020-12-18 15:51:51.733448,752.916658,30.6949285
2020-12-18 15:51:52.278479,752.894034,30.6907413
2020-12-18 15:51:52.833511,752.875022,30.6959725
2020-12-18 15:51:53.374542,752.860578,30.6925833
2020-12-18 15:51:53.923573,752.856873,30.6912571
2020-12-18 15:51:54.472605,752.860189,30.6911834
2020-12-18 15:51:55.032637,752.845156,30.6886583
2020-12-18 15:51:55.592669,752.838523,30.6913822
2020-12-18 15:51:56.237706,752.829827,30.6897613
2020-12-18 15:51:56.779737,752.824153,30.689835
2020-12-18 15:51:57.326768,752.824522,30.6910138
2020-12-18 15:51:57.874799,752.810121,30.6919133
2020-12-18 15:51:58.419830,752.781612,30.690812
2020-12-18 15:51:58.971862,752.767316,30.692875
2020-12-18 15:51:59.562896,752.756925,30.6916961
2020-12-18 15:52:00.114927,752.764278,30.6919172
2020-12-18 15:52:00.663959,752.762064,30.6893371
2020-12-18 15:52:01.204990,752.761548,30.6882311
2020-12-18 15:52:01.741020,752.754031,30.6872733
2020-12-18 15:52:02.286052,752.74622,30.6859471
2020-12-18 15:52:02.845084,752.743125,30.6889679
2020-12-18 15:52:03.389115,752.728828,30.6892626
2020-12-18 15:52:03.937146,752.728533,30.6874206
2020-12-18 15:52:04.490178,752.720375,30.6859471
2020-12-18 15:52:05.040209,752.709648,30.6880837
2020-12-18 15:52:05.586240,752.702573,30.691915
2020-12-18 15:52:06.135272,752.696973,30.6919887
2020-12-18 15:52:06.685303,752.688904,30.6890416
2020-12-18 15:52:07.226334,752.677706,30.6864628
2020-12-18 15:52:07.769365,752.672548,30.6902941
2020-12-18 15:52:08.313396,752.65663,30.6885995
2020-12-18 15:52:08.863428,752.653387,30.6904414
2020-12-18 15:52:09.403459,752.642608,30.6910335
2020-12-18 15:52:09.953490,752.637302,30.6841094
2020-12-18 15:52:10.517522,752.620427,30.6906668
2020-12-18 15:52:11.062554,752.614384,30.6882354
2020-12-18 15:52:11.635586,752.601246,30.6845515
2020-12-18 15:52:12.193618,752.592624,30.6892678
2020-12-18 15:52:12.746650,752.590339,30.6861746
2020-12-18 15:52:13.303682,752.584075,30.6835222
2020-12-18 15:52:13.860714,752.573832,30.6862483
2020-12-18 15:52:14.431746,752.562926,30.6885323
2020-12-18 15:52:14.976777,752.557472,30.6906654
2020-12-18 15:52:15.519808,752.548334,30.6842411
2020-12-18 15:52:16.074840,752.54544,30.6905037
2020-12-18 15:52:16.622872,752.541829,30.6878513
2020-12-18 15:52:17.199905,752.533207,30.6872619
2020-12-18 15:52:17.755936,752.503214,30.6848305
2020-12-18 15:52:18.294967,752.503804,30.6878513
2020-12-18 15:52:18.831998,752.502477,30.6851989
2020-12-18 15:52:19.372029,752.491792,30.6844621
2020-12-18 15:52:19.915060,752.488549,30.6836516
2020-12-18 15:52:20.462091,752.48398,30.6865251
2020-12-18 15:52:21.025123,752.457377,30.6826964
2020-12-18 15:52:21.587155,752.438143,30.6868249
2020-12-18 15:52:22.133187,752.422005,30.6860882
2020-12-18 15:52:22.684218,752.411507,30.6853514
2020-12-18 15:52:23.232250,752.399864,30.6830673
2020-12-18 15:52:23.791282,752.386894,30.6829997
2020-12-18 15:52:24.349313,752.382177,30.6841189
2020-12-18 15:52:24.905345,752.38901,30.6867713
2020-12-18 15:52:25.450376,752.391442,30.6888343
2020-12-18 15:52:26.015409,752.392694,30.6846346
2020-12-18 15:52:26.564440,752.386725,30.6824985
2020-12-18 15:52:27.109471,752.378673,30.6861128
2020-12-18 15:52:27.671504,752.375209,30.6849345
2020-12-18 15:52:28.212534,752.360176,30.6867028
2020-12-18 15:52:28.755566,752.35627,30.6835346
2020-12-18 15:52:29.317598,752.348847,30.6815453
2020-12-18 15:52:29.857629,752.330792,30.6816926
2020-12-18 15:52:30.406660,752.327181,30.6853029
2020-12-18 15:52:30.975692,752.312959,30.6800717
2020-12-18 15:52:31.523724,752.30979,30.683682
2020-12-18 15:52:32.065755,752.302494,30.6819873
2020-12-18 15:52:32.615786,752.301242,30.6781581
2020-12-18 15:52:33.170818,752.291293,30.6814767
2020-12-18 15:52:33.711849,752.270659,30.6852343
2020-12-18 15:52:34.260880,752.271543,30.6856764
2020-12-18 15:52:34.801911,752.275449,30.683024
2020-12-18 15:52:35.348943,752.272501,30.6847186
2020-12-18 15:52:35.896974,752.261705,30.6831713
2020-12-18 15:52:36.445005,752.259826,30.6771297
2020-12-18 15:52:36.987036,752.253046,30.6794137
2020-12-18 15:52:37.533068,752.246929,30.6849396
2020-12-18 15:52:38.082099,752.239398,30.6837608
2020-12-18 15:52:38.645131,752.228285,30.6835532
2020-12-18 15:52:39.199163,752.224232,30.6816433
2020-12-18 15:52:39.755195,752.218189,30.6831906
2020-12-18 15:52:40.307226,752.209862,30.6842221
2020-12-18 15:52:40.867258,752.20124,30.6784015
2020-12-18 15:52:41.416290,752.198587,30.6801723
2020-12-18 15:52:41.965321,752.181342,30.6817221
2020-12-18 15:52:42.523353,752.166309,30.6795855
2020-12-18 15:52:43.072384,752.159824,30.680838
2020-12-18 15:52:43.614415,752.159603,30.6798802
2020-12-18 15:52:44.162447,752.155255,30.6819436
2020-12-18 15:52:44.721479,752.148338,30.6810612
2020-12-18 15:52:45.262510,752.143558,30.6795876
2020-12-18 15:52:45.813541,752.134125,30.6814296
2020-12-18 15:52:46.361573,752.133241,30.679735
2020-12-18 15:52:46.920604,752.125798,30.6783351
2020-12-18 15:52:47.494637,752.121302,30.6806064
2020-12-18 15:52:48.037668,752.112901,30.6793525
2020-12-18 15:52:48.581699,752.108775,30.6795735
2020-12-18 15:52:49.137731,752.095731,30.6814155
2020-12-18 15:52:49.683763,752.090941,30.6816365
2020-12-18 15:52:50.258795,752.080698,30.6802379
2020-12-18 15:52:50.813827,752.052031,30.6809019
2020-12-18 15:52:51.365859,752.031313,30.6770706
2020-12-18 15:52:51.914890,752.018742,30.677218
2020-12-18 15:52:52.460921,752.030017,30.6786915
2020-12-18 15:52:53.004952,752.030754,30.6742797
2020-12-18 15:52:53.554984,752.026185,30.6795979
2020-12-18 15:52:54.117016,752.025912,30.6756192
2020-12-18 15:52:54.665047,752.021858,30.6816609
2020-12-18 15:52:55.211079,752.012647,30.6756192
2020-12-18 15:52:55.766110,751.996582,30.6762779
2020-12-18 15:52:56.309141,751.997171,30.6785442
2020-12-18 15:52:56.850172,751.994592,30.6849542
2020-12-18 15:52:57.414205,751.98936,30.6767759
2020-12-18 15:52:57.957236,751.991939,30.6797967
2020-12-18 15:52:58.509267,751.976611,30.6825965
2020-12-18 15:52:59.057299,751.952735,30.677307
2020-12-18 15:52:59.600330,751.95045,30.6756163
2020-12-18 15:53:00.142361,751.94905,30.6788581
2020-12-18 15:53:00.686392,751.946913,30.680258
2020-12-18 15:53:01.231423,751.933574,30.677753
2020-12-18 15:53:01.781454,751.91294,30.6799633
2020-12-18 15:53:02.327486,751.915004,30.6732586
2020-12-18 15:53:02.897518,751.920805,30.6804054
2020-12-18 15:53:03.452550,751.919258,30.6828368
2020-12-18 15:53:04.005582,751.920142,30.6788581
2020-12-18 15:53:04.554613,751.892212,30.6781897
2020-12-18 15:53:05.099644,751.874895,30.6758931
2020-12-18 15:53:05.674677,751.865904,30.6803875
2020-12-18 15:53:06.232709,751.861335,30.6841451
2020-12-18 15:53:06.782741,751.862219,30.683703
2020-12-18 15:53:07.332772,751.872705,30.6849556
2020-12-18 15:53:07.880803,751.866588,30.6826908
2020-12-18 15:53:08.421834,751.862977,30.6805563
2020-12-18 15:53:08.967866,751.856271,30.6832087
2020-12-18 15:53:09.529898,751.848828,30.6783459
2020-12-18 15:53:10.076929,751.843228,30.6817351
2020-12-18 15:53:10.631961,751.841385,30.6809175
2020-12-18 15:53:11.181992,751.830479,30.6787024
2020-12-18 15:53:11.724023,751.825689,30.6750184
2020-12-18 15:53:12.268054,751.819793,30.6778919
2020-12-18 15:53:12.831086,751.815372,30.6765657
2020-12-18 15:53:13.375118,751.800117,30.6812811
2020-12-18 15:53:13.933150,751.777916,30.6796602
2020-12-18 15:53:14.485181,751.774378,30.680618
2020-12-18 15:53:15.033212,751.773347,30.6780393
2020-12-18 15:53:15.577244,751.771136,30.6792918
2020-12-18 15:53:16.116274,751.773347,30.6811335
2020-12-18 15:53:16.662306,751.747923,30.6784057
2020-12-18 15:53:17.209337,751.736132,30.6790686
2020-12-18 15:53:17.758368,751.724636,30.6831946
2020-12-18 15:53:18.294399,751.725404,30.6771529
2020-12-18 15:53:18.830430,751.73372,30.6818684
2020-12-18 15:53:19.372461,751.729446,30.6767122
2020-12-18 15:53:19.921492,751.729594,30.6809864
2020-12-18 15:53:20.465523,751.720857,30.6759026
2020-12-18 15:53:21.012554,751.699949,30.6774498
2020-12-18 15:53:21.574587,751.684916,30.6862176
2020-12-18 15:53:22.123618,751.69059,30.6772288
2020-12-18 15:53:22.668649,751.697407,30.6778182
2020-12-18 15:53:23.221681,751.692433,30.6764183
2020-12-18 15:53:23.771712,751.692359,30.674208
2020-12-18 15:53:24.322744,751.691401,30.6735449
2020-12-18 15:53:24.863775,751.685369,30.6780398
2020-12-18 15:53:25.418806,751.679811,30.6736973
2020-12-18 15:53:25.968838,751.674284,30.6761287
2020-12-18 15:53:26.537870,751.661388,30.6816546
2020-12-18 15:53:27.090902,751.642375,30.6760551
2020-12-18 15:53:27.633933,751.630048,30.6828335
2020-12-18 15:53:28.190965,751.64007,30.682316
2020-12-18 15:53:28.732996,751.64206,30.6816525
2020-12-18 15:53:29.272027,751.640144,30.6812104
2020-12-18 15:53:29.816058,751.637806,30.6768634
2020-12-18 15:53:30.376090,751.630879,30.6789264
2020-12-18 15:53:30.916121,751.619825,30.6804014
2020-12-18 15:53:31.464152,751.616656,30.6772347
2020-12-18 15:53:32.006183,751.616488,30.6795925
2020-12-18 15:53:32.564215,751.613982,30.6784873
2020-12-18 15:53:33.121247,751.610519,30.6767927
2020-12-18 15:53:33.670278,751.606687,30.678193
2020-12-18 15:53:34.218310,751.598086,30.6791525
2020-12-18 15:53:34.757341,751.597644,30.6808472
2020-12-18 15:53:35.294371,751.592264,30.6773843
2020-12-18 15:53:35.832402,751.586369,30.676058
2020-12-18 15:53:36.387434,751.581778,30.6829102
2020-12-18 15:53:36.931465,751.56984,30.675455
2020-12-18 15:53:37.484497,751.546627,30.6794302
2020-12-18 15:53:38.039528,751.534615,30.678325
2020-12-18 15:53:38.592560,751.522288,30.6763357
2020-12-18 15:53:39.150592,751.516834,30.6814195
2020-12-18 15:53:39.698623,751.524277,30.6783237
2020-12-18 15:53:40.240654,751.533415,30.6795754
2020-12-18 15:53:40.785685,751.535258,30.6787649
2020-12-18 15:53:41.342717,751.534373,30.6758178
2020-12-18 15:53:41.898749,751.521698,30.6787649
2020-12-18 15:53:42.473782,751.510349,30.6803202
2020-12-18 15:53:43.013813,751.508708,30.6773851
2020-12-18 15:53:43.561844,751.50377,30.6755431
2020-12-18 15:53:44.103875,751.501486,30.6801112
2020-12-18 15:53:44.641906,751.503476,30.6897631
2020-12-18 15:53:45.203938,751.500894,30.6830585
2020-12-18 15:53:45.751969,751.503571,30.6888809
2020-12-18 15:53:46.294000,751.498339,30.6807028
2020-12-18 15:53:46.840032,751.489864,30.6857866
2020-12-18 15:53:47.390063,751.482568,30.6860813
2020-12-18 15:53:47.966096,751.475346,30.6874812
2020-12-18 15:53:48.506127,751.466724,30.6848288
2020-12-18 15:53:49.047158,751.464366,30.6759137
2020-12-18 15:53:49.590189,751.465803,30.6787871
2020-12-18 15:53:50.145221,751.451269,30.6852708
2020-12-18 15:53:50.699252,751.451711,30.6910915
2020-12-18 15:53:51.250284,751.451122,30.6742125
2020-12-18 15:53:51.808316,751.448911,30.6745712
2020-12-18 15:53:52.365348,751.436604,30.6767816
2020-12-18 15:53:52.940381,751.435278,30.6769289
2020-12-18 15:53:53.483412,751.433214,30.6737607
2020-12-18 15:53:54.039443,751.431446,30.6798762
2020-12-18 15:53:54.587475,751.430488,30.6744983
2020-12-18 15:53:55.137506,751.42894,30.6798032
2020-12-18 15:53:55.671537,751.421792,30.6778875
2020-12-18 15:53:56.224568,751.421718,30.6794348
2020-12-18 15:53:56.765599,751.417076,30.68054
2020-12-18 15:53:57.307630,751.407275,30.6751751
2020-12-18 15:53:57.871663,751.383103,30.676431
2020-12-18 15:53:58.434695,751.370644,30.6777572
2020-12-18 15:53:58.990727,751.361605,30.6740733
2020-12-18 15:53:59.540758,751.350183,30.6749575
2020-12-18 15:54:00.094790,751.345246,30.6761376
2020-12-18 15:54:00.651822,751.349741,30.681075
2020-12-18 15:54:01.202853,751.353721,30.6762858
2020-12-18 15:54:01.771886,751.360795,30.6745175
2020-12-18 15:54:02.329918,751.357921,30.6790119
2020-12-18 15:54:02.889950,751.356963,30.6814433
2020-12-18 15:54:03.437981,751.354109,30.6740755
2020-12-18 15:54:03.994013,751.354994,30.6790856
2020-12-18 15:54:04.559045,751.353078,30.6770963
2020-12-18 15:54:05.103076,751.353299,30.6740755
2020-12-18 15:54:05.651108,751.345099,30.6761391
2020-12-18 15:54:06.218140,751.342446,30.6873406
2020-12-18 15:54:06.763171,751.341561,30.6748889
2020-12-18 15:54:07.319203,751.335813,30.6803411
2020-12-18 15:54:07.872235,751.330434,30.6823305
2020-12-18 15:54:08.426266,751.32896,30.6740048
2020-12-18 15:54:08.993299,751.324538,30.679439
2020-12-18 15:54:09.558331,751.323359,30.6778897
2020-12-18 15:54:10.111363,751.323455,30.6739847
2020-12-18 15:54:10.656394,751.313948,30.6764898
2020-12-18 15:54:11.201425,751.301936,30.677595
2020-12-18 15:54:11.768458,751.299431,30.6907835
2020-12-18 15:54:12.321489,751.305842,30.6804685
2020-12-18 15:54:12.869520,751.299357,30.6801001
2020-12-18 15:54:13.425552,751.295893,30.6801737
2020-12-18 15:54:13.975584,751.294567,30.6730269
2020-12-18 15:54:14.525615,751.285503,30.6753101
2020-12-18 15:54:15.072646,751.277249,30.6775191
2020-12-18 15:54:15.625678,751.282113,30.6819399
2020-12-18 15:54:16.182710,751.277618,30.6816452
2020-12-18 15:54:16.736742,751.278006,30.6744983
2020-12-18 15:54:17.299774,751.275796,30.6753831
2020-12-18 15:54:17.842805,751.254793,30.6886468
2020-12-18 15:54:18.410837,751.239907,30.6785528
2020-12-18 15:54:18.951868,751.223695,30.6756057
2020-12-18 15:54:19.499900,751.219789,30.6775213
2020-12-18 15:54:20.080933,751.216915,30.674723
2020-12-18 15:54:20.647965,751.214262,30.6762085
2020-12-18 15:54:21.205997,751.226937,30.6754732
2020-12-18 15:54:21.757029,751.23217,30.676431
2020-12-18 15:54:22.300060,751.23497,30.6771678
2020-12-18 15:54:22.854092,751.229074,30.6763574
2020-12-18 15:54:23.399123,751.231875,30.6776105
2020-12-18 15:54:23.949154,751.228927,30.6840207
2020-12-18 15:54:24.506186,751.228264,30.685789
2020-12-18 15:54:25.048217,751.209546,30.6770213
2020-12-18 15:54:25.596248,751.19498,30.6773897
2020-12-18 15:54:26.162281,751.184584,30.6740004
2020-12-18 15:54:26.730313,751.194828,30.6768739
2020-12-18 15:54:27.294346,751.205218,30.6784948
2020-12-18 15:54:27.837377,751.210376,30.6751056
2020-12-18 15:54:28.384408,751.207797,30.6779791
2020-12-18 15:54:28.947440,751.199912,30.6769476
2020-12-18 15:54:29.499472,751.199765,30.6798947
2020-12-18 15:54:30.049503,751.197453,30.6891783
2020-12-18 15:54:30.592534,751.19507,30.6804105
2020-12-18 15:54:31.153566,751.195291,30.6784948
2020-12-18 15:54:31.717599,751.190501,30.6748846
2020-12-18 15:54:32.275630,751.192316,30.6781265
2020-12-18 15:54:32.830662,751.172983,30.6769476
2020-12-18 15:54:33.393694,751.15456,30.6758424
2020-12-18 15:54:33.935725,751.157581,30.6787896
2020-12-18 15:54:34.482757,751.163434,30.6765792
2020-12-18 15:54:35.030788,751.165487,30.6735584
2020-12-18 15:54:35.579819,751.16475,30.6762845
2020-12-18 15:54:36.132851,751.161581,30.6810736
2020-12-18 15:54:36.687883,751.158444,30.675253
2020-12-18 15:54:37.242915,751.15736,30.677316
2020-12-18 15:54:37.798946,751.155076,30.6730447
2020-12-18 15:54:38.349978,751.15456,30.682405
2020-12-18 15:54:38.914010,751.150802,30.6768791
2020-12-18 15:54:39.479042,751.148664,30.6747424
2020-12-18 15:54:40.035074,751.149328,30.6782053
2020-12-18 15:54:40.585106,751.146601,30.6754792
2020-12-18 15:54:41.138137,751.146847,30.6701743
2020-12-18 15:54:41.703170,751.139136,30.6871941
2020-12-18 15:54:42.248201,751.143116,30.6793841
2020-12-18 15:54:42.802233,751.137589,30.6747424
2020-12-18 15:54:43.368265,751.136336,30.674595
2020-12-18 15:54:43.911296,751.133442,30.6763606
2020-12-18 15:54:44.457327,751.131599,30.6770971
2020-12-18 15:54:45.021359,751.128873,30.6744447
2020-12-18 15:54:45.575391,751.126441,30.6740763
2020-12-18 15:54:46.121422,751.113987,30.6751078
2020-12-18 15:54:46.680454,751.114577,30.6735605
2020-12-18 15:54:47.225486,751.117082,30.6749604
2020-12-18 15:54:47.784518,751.110671,30.6924223
2020-12-18 15:54:48.331549,751.108976,30.6756235
2020-12-18 15:54:48.879580,751.09129,30.676434
2020-12-18 15:54:49.453613,751.076846,30.6769498
2020-12-18 15:54:50.005645,751.071614,30.6789391
2020-12-18 15:54:50.548676,751.081783,30.6754762
2020-12-18 15:54:51.101707,751.069329,30.6748868
2020-12-18 15:54:51.645738,751.075224,30.676655
2020-12-18 15:54:52.210771,751.078614,30.6773177
2020-12-18 15:54:52.758802,751.08114,30.6728216
2020-12-18 15:54:53.308833,751.084383,30.6758424
2020-12-18 15:54:53.881866,751.086814,30.691536
2020-12-18 15:54:54.423897,751.084088,30.6820314
2020-12-18 15:54:54.971929,751.082077,30.6738531
2020-12-18 15:54:55.538961,751.087677,30.6756951
2020-12-18 15:54:56.097993,751.085024,30.6753267
2020-12-18 15:54:56.645024,751.080013,30.6733373
2020-12-18 15:54:57.203056,751.080308,30.6669273
2020-12-18 15:54:57.744087,751.080382,30.6759161
2020-12-18 15:54:58.299119,751.078392,30.6756977
2020-12-18 15:54:58.855151,751.077434,30.6725312
2020-12-18 15:54:59.394182,751.070487,30.6746679
2020-12-18 15:54:59.957214,751.066286,30.6807095
2020-12-18 15:55:00.503245,751.068644,30.6742258
2020-12-18 15:55:01.054276,751.063707,30.6775413
2020-12-18 15:55:01.611308,751.063611,30.6756994
2020-12-18 15:55:02.172340,751.063906,30.6711313
2020-12-18 15:55:02.719372,751.06258,30.6740785
2020-12-18 15:55:03.263403,751.059485,30.6765835
2020-12-18 15:55:03.809434,751.053958,30.6697314
2020-12-18 15:55:04.357465,751.057347,30.6740048
2020-12-18 15:55:04.902497,751.051305,30.6763625
2020-12-18 15:55:05.450528,751.040251,30.6776887
2020-12-18 15:55:06.008560,751.050146,30.681299
2020-12-18 15:55:06.555591,751.047198,30.6779834
2020-12-18 15:55:07.095622,751.050588,30.6759822
2020-12-18 15:55:07.659654,751.041745,30.6765665
2020-12-18 15:55:08.237687,751.045409,30.6764191
2020-12-18 15:55:08.802720,751.04423,30.677598
2020-12-18 15:55:09.351751,751.037008,30.675977
2020-12-18 15:55:09.906783,751.037303,30.6764928
2020-12-18 15:55:10.458814,751.037841,30.6744298
2020-12-18 15:55:11.009846,751.034082,30.6827555
2020-12-18 15:55:11.559877,751.036588,30.6834186
2020-12-18 15:55:12.099908,751.03224,30.6745771
2020-12-18 15:55:12.659940,751.031506,30.6706722
2020-12-18 15:55:13.206972,751.032071,30.6753876
2020-12-18 15:55:13.753003,751.028534,30.6729562
2020-12-18 15:55:14.313035,751.02647,30.6762718
2020-12-18 15:55:14.879067,751.026175,30.6742824
2020-12-18 15:55:15.429099,751.027207,30.6761245
2020-12-18 15:55:15.987131,751.025438,30.6744306
2020-12-18 15:55:16.546163,751.021091,30.6798828
2020-12-18 15:55:17.096194,751.021827,30.6777461
2020-12-18 15:55:17.645225,750.997951,30.6840088
2020-12-18 15:55:18.194257,750.98955,30.68283
2020-12-18 15:55:18.735288,750.998319,30.6726623
2020-12-18 15:55:19.290320,751.003804,30.6762726
2020-12-18 15:55:19.833351,751.003351,30.67502
2020-12-18 15:55:20.393383,751.004456,30.6716308
2020-12-18 15:55:20.961415,751.004383,30.6753147
2020-12-18 15:55:21.511447,751.001214,30.6712624
2020-12-18 15:55:22.068478,751.005024,30.6767146
2020-12-18 15:55:22.620510,751.003551,30.6738412
2020-12-18 15:55:23.189543,750.999719,30.6748727
2020-12-18 15:55:23.743574,751.000898,30.6780408
2020-12-18 15:55:24.286605,751.000234,30.6877664
2020-12-18 15:55:24.843637,751.003845,30.6755358
2020-12-18 15:55:25.388668,751.003624,30.6700836
2020-12-18 15:55:25.931699,751.000234,30.6725886
2020-12-18 15:55:26.476731,750.99515,30.6717045
2020-12-18 15:55:27.031762,750.991539,30.668831
2020-12-18 15:55:27.583794,750.993823,30.6847437
2020-12-18 15:55:28.124825,750.990138,30.6845961
2020-12-18 15:55:28.693857,750.989844,30.6784808
2020-12-18 15:55:29.235888,750.990949,30.6781124
2020-12-18 15:55:29.813921,750.987412,30.6760494
2020-12-18 15:55:30.369953,750.989092,30.6769356
2020-12-18 15:55:30.928985,750.987191,30.6724421
2020-12-18 15:55:31.485017,750.985054,30.6719263
2020-12-18 15:55:32.034048,750.98498,30.6784101
2020-12-18 15:55:32.598081,750.986675,30.6745051
2020-12-18 15:55:33.148112,750.983138,30.6724432
2020-12-18 15:55:33.699144,750.967147,30.6761282
2020-12-18 15:55:34.259176,750.954472,30.6680972
2020-12-18 15:55:34.804207,750.947471,30.6732547
2020-12-18 15:55:35.365239,750.95005,30.673181
2020-12-18 15:55:35.908270,750.960809,30.6833547
2020-12-18 15:55:36.454301,750.962062,30.6715801
2020-12-18 15:55:37.002333,750.966483,30.6709907
2020-12-18 15:55:37.551364,750.972747,30.6722432
2020-12-18 15:55:38.113396,750.963462,30.6736431
2020-12-18 15:55:38.672428,750.959114,30.6744536
2020-12-18 15:55:39.217459,750.967368,30.6765166
2020-12-18 15:55:39.763491,750.968915,30.6751904
2020-12-18 15:55:40.327523,750.965673,30.6788006
2020-12-18 15:55:40.868554,750.964567,30.6796111
2020-12-18 15:55:41.429586,750.94467,30.6742326
2020-12-18 15:55:41.977617,750.935901,30.6841175
2020-12-18 15:55:42.516648,750.931774,30.6864803
2020-12-18 15:55:43.077680,750.92691,30.6765337
2020-12-18 15:55:43.625711,750.919025,30.6768284
2020-12-18 15:55:44.172743,750.921824,30.6746917
2020-12-18 15:55:44.721774,750.917697,30.6799161
2020-12-18 15:55:45.273806,750.914013,30.6765903
2020-12-18 15:55:45.821837,750.915192,30.6782849
2020-12-18 15:55:46.373869,750.934941,30.6772534
2020-12-18 15:55:46.921900,750.94769,30.6703276
2020-12-18 15:55:47.476932,750.932731,30.6731274
2020-12-18 15:55:48.018963,750.921013,30.683295
2020-12-18 15:55:48.555993,750.918382,30.6726853
2020-12-18 15:55:49.109025,750.917351,30.6793164
2020-12-18 15:55:49.658056,750.914624,30.6806426
2020-12-18 15:55:50.211088,750.913887,30.6757798
2020-12-18 15:55:50.769120,750.933268,30.6718766
2020-12-18 15:55:51.312151,750.938869,30.6730559
2020-12-18 15:55:51.859182,750.940859,30.6734979
2020-12-18 15:55:52.408214,750.942406,30.6770345
2020-12-18 15:55:52.964246,750.946165,30.6844761
2020-12-18 15:55:53.510277,750.951692,30.6728348
2020-12-18 15:55:54.070309,750.951913,30.6765925
2020-12-18 15:55:54.611340,750.949186,30.6771819
2020-12-18 15:55:55.188373,750.95687,30.6725401
2020-12-18 15:55:55.744405,750.953775,30.6744558
2020-12-18 15:55:56.307437,750.95407,30.6721726
2020-12-18 15:55:56.868469,750.953333,30.6703319
2020-12-18 15:55:57.415500,750.954186,30.6718055
2020-12-18 15:55:57.970532,750.951902,30.6743843
2020-12-18 15:55:58.518563,750.953744,30.6713634
2020-12-18 15:55:59.080595,750.954555,30.674311
2020-12-18 15:55:59.644628,750.958659,30.6819753
2020-12-18 15:56:00.208660,750.956743,30.6866908
2020-12-18 15:56:00.758691,750.953206,30.6771862
2020-12-18 15:56:01.306723,750.959102,30.6766705
2020-12-18 15:56:01.854754,750.95468,30.674018
2020-12-18 15:56:02.400785,750.960207,30.6771903
2020-12-18 15:56:02.944816,750.956743,30.6718128
2020-12-18 15:56:03.516849,750.95269,30.6736548
2020-12-18 15:56:04.056880,750.932751,30.6746863
2020-12-18 15:56:04.605911,750.92493,30.6777071
2020-12-18 15:56:05.177944,750.916676,30.6779294
2020-12-18 15:56:05.726976,750.931341,30.6787408
2020-12-18 15:56:06.302008,750.942426,30.6799933
2020-12-18 15:56:06.858040,750.948826,30.678446
2020-12-18 15:56:07.423073,750.950005,30.6733622
2020-12-18 15:56:07.963103,750.952437,30.6764567
2020-12-18 15:56:08.514135,750.951658,30.6711518
2020-12-18 15:56:09.057166,750.951131,30.6765304
2020-12-18 15:56:09.607198,750.956069,30.6730675
2020-12-18 15:56:10.155229,750.956658,30.6735832
2020-12-18 15:56:10.707260,750.957572,30.6714483
2020-12-18 15:56:11.275293,750.957838,30.6711689
2020-12-18 15:56:11.813324,750.954669,30.6871572
2020-12-18 15:56:12.366355,750.957396,30.6782421
2020-12-18 15:56:12.923387,750.958722,30.6740424
2020-12-18 15:56:13.475419,750.954964,30.6703584
2020-12-18 15:56:14.024450,750.959533,30.6728677
2020-12-18 15:56:14.573482,750.954816,30.6732379
2020-12-18 15:56:15.134514,750.956438,30.6770692
2020-12-18 15:56:15.718547,750.955406,30.6737536
2020-12-18 15:56:16.265578,750.95968,30.6722064
2020-12-18 15:56:16.812610,750.956585,30.675593
2020-12-18 15:56:17.374642,750.960712,30.6727907
2020-12-18 15:56:17.916673,750.958133,30.6719065
2020-12-18 15:56:18.480705,750.958575,30.6766956
2020-12-18 15:56:19.029736,750.958501,30.6761799
2020-12-18 15:56:19.577768,750.957388,30.6777271
2020-12-18 15:56:20.133800,750.959902,30.6741905
2020-12-18 15:56:20.683831,750.953564,30.6720539
2020-12-18 15:56:21.234863,750.940373,30.6732327
2020-12-18 15:56:21.792894,750.931235,30.670875
2020-12-18 15:56:22.348926,750.925045,30.6793483
2020-12-18 15:56:22.902958,750.920255,30.6730873
2020-12-18 15:56:23.443989,750.925782,30.6751505
2020-12-18 15:56:23.997021,750.935583,30.673677
2020-12-18 15:56:24.557053,750.942383,30.6727191
2020-12-18 15:56:25.116085,750.946436,30.6728665
2020-12-18 15:56:25.659116,750.953584,30.6738866
2020-12-18 15:56:26.206147,750.955427,30.6718187
2020-12-18 15:56:26.763179,750.949111,30.677271
2020-12-18 15:56:27.325211,750.959133,30.6769763
2020-12-18 15:56:27.872242,750.957585,30.6738081
2020-12-18 15:56:28.434274,750.961712,30.6753553
2020-12-18 15:56:28.980306,750.954763,30.6722608
2020-12-18 15:56:29.530337,750.9541,30.6763868
2020-12-18 15:56:30.087369,750.955426,30.6736607
2020-12-18 15:56:30.637400,750.939214,30.6711556
2020-12-18 15:56:31.201433,750.927993,30.6775657
2020-12-18 15:56:31.770465,750.923424,30.6775657
2020-12-18 15:56:32.319497,750.91996,30.6708609
2020-12-18 15:56:32.868528,750.915907,30.6749869
2020-12-18 15:56:33.423560,750.916644,30.6749132
2020-12-18 15:56:33.989592,750.932783,30.6742501
2020-12-18 15:56:34.538623,750.945458,30.6742501
2020-12-18 15:56:35.084655,750.94531,30.6763131
2020-12-18 15:56:35.649687,750.944131,30.6751343
2020-12-18 15:56:36.193718,750.947669,30.6761658
2020-12-18 15:56:36.741750,750.949142,30.6699031
2020-12-18 15:56:37.288781,750.949953,30.6699031
2020-12-18 15:56:37.837812,750.954944,30.673587
2020-12-18 15:56:38.380843,750.952807,30.6757237
2020-12-18 15:56:38.944876,750.954428,30.6707872
2020-12-18 15:56:39.484906,750.95627,30.6758711
2020-12-18 15:56:40.048939,750.956322,30.676386
2020-12-18 15:56:40.613971,750.956543,30.6738796
2020-12-18 15:56:41.163002,750.955364,30.6746901
2020-12-18 15:56:41.708034,750.956617,30.6748374
2020-12-18 15:56:42.263065,750.957354,30.6738059
2020-12-18 15:56:42.819097,750.956543,30.6711535
2020-12-18 15:56:43.364128,750.956764,30.6756479
2020-12-18 15:56:43.919160,750.954259,30.6708588
2020-12-18 15:56:44.466191,750.956691,30.6746901
2020-12-18 15:56:45.007222,750.957206,30.6732165
2020-12-18 15:56:45.553253,750.954406,30.6738796
2020-12-18 15:56:46.102285,750.943868,30.6754411
2020-12-18 15:56:46.660317,750.930824,30.6725712
2020-12-18 15:56:47.230349,750.94011,30.6716134
2020-12-18 15:56:47.778381,750.9477,30.6744869
2020-12-18 15:56:48.318412,750.950353,30.6757394
2020-12-18 15:56:48.866443,750.952195,30.6725712
2020-12-18 15:56:49.429475,750.950206,30.6732343
2020-12-18 15:56:49.997508,750.951016,30.6778024
2020-12-18 15:56:50.547539,750.955364,30.6786129
2020-12-18 15:56:51.093570,750.955733,30.6838441
2020-12-18 15:56:51.638602,750.955585,30.6763228
2020-12-18 15:56:52.194633,750.950206,30.6761615
2020-12-18 15:56:52.736664,750.955364,30.6783718
2020-12-18 15:56:53.280695,750.95389,30.6768983
2020-12-18 15:56:53.849728,750.957354,30.6699725
2020-12-18 15:56:54.397759,750.953669,30.671446
2020-12-18 15:56:54.939790,750.954185,30.6791823
2020-12-18 15:56:55.500822,750.953264,30.6750563
2020-12-18 15:56:56.049854,750.952617,30.6758667
2020-12-18 15:56:56.586885,750.961608,30.6760878
2020-12-18 15:56:57.127916,750.950922,30.6785192
2020-12-18 15:56:57.663946,750.938873,30.6739511
2020-12-18 15:56:58.206977,750.934636,30.6773403
2020-12-18 15:56:58.756009,750.941489,30.6752773
2020-12-18 15:56:59.296040,750.947163,30.6761615
2020-12-18 15:56:59.838071,750.934488,30.675351
2020-12-18 15:57:00.393102,750.925424,30.6749089
2020-12-18 15:57:00.957135,750.940605,30.677193
2020-12-18 15:57:01.520167,750.938762,30.6764562
2020-12-18 15:57:02.069198,750.950553,30.6766035
2020-12-18 15:57:02.613229,750.96308,30.6754247
2020-12-18 15:57:03.162261,750.925939,30.6732124
2020-12-18 15:57:03.716292,750.94952,30.674595
2020-12-18 15:57:04.268324,750.94672,30.6745213
2020-12-18 15:57:04.817355,750.948562,30.6748897
2020-12-18 15:57:05.410389,750.959174,30.6743003
2020-12-18 15:57:05.961421,750.958953,30.6730477
2020-12-18 15:57:06.520453,750.956079,30.6709984
2020-12-18 15:57:07.093486,750.960574,30.6719596
2020-12-18 15:57:07.636517,750.963669,30.6697493
2020-12-18 15:57:08.198549,750.962933,30.6721807
2020-12-18 15:57:08.746580,750.955784,30.6734332
2020-12-18 15:57:09.308612,750.96168,30.6760119
2020-12-18 15:57:09.855644,750.96507,30.6737279
2020-12-18 15:57:10.409675,750.965512,30.6715175
2020-12-18 15:57:10.974708,750.968238,30.6726227
2020-12-18 15:57:11.517739,750.955289,30.6730648
2020-12-18 15:57:12.075770,750.972607,30.6709281
2020-12-18 15:57:12.639803,750.965901,30.6729174
2020-12-18 15:57:13.182834,750.96988,30.6732858
2020-12-18 15:57:13.738866,750.974543,30.6691598
2020-12-18 15:57:14.285897,750.97727,30.6752015
2020-12-18 15:57:14.827928,750.978154,30.6711491
2020-12-18 15:57:15.368959,750.978596,30.6732122
2020-12-18 15:57:15.920990,750.980438,30.6729911
2020-12-18 15:57:16.470022,750.98147,30.6716649
2020-12-18 15:57:17.017053,750.984786,30.6733595
2020-12-18 15:57:17.570085,750.984713,30.6761593
2020-12-18 15:57:18.125117,750.992082,30.6713702
2020-12-18 15:57:18.680148,750.991566,30.672107
2020-12-18 15:57:19.235180,750.991787,30.6739489
2020-12-18 15:57:19.784211,750.988618,30.6680546
2020-12-18 15:57:20.330243,750.993556,30.6722543
2020-12-18 15:57:20.905276,750.996577,30.6747612
2020-12-18 15:57:21.461307,750.995693,30.6759412
2020-12-18 15:57:22.005338,750.998862,30.6756465
2020-12-18 15:57:22.558370,750.999272,30.6730678
2020-12-18 15:57:23.102401,750.999419,30.674394
2020-12-18 15:57:23.677434,751.003693,30.6748361
2020-12-18 15:57:24.235466,751.007968,30.6718889
2020-12-18 15:57:24.778497,751.006294,30.6709311
2020-12-18 15:57:25.331529,750.990671,30.6718152
2020-12-18 15:57:25.879560,750.993987,30.6735098
2020-12-18 15:57:26.426591,751.002904,30.672331
2020-12-18 15:57:26.971622,750.997377,30.6662893
2020-12-18 15:57:27.536655,751.010199,30.6707101
2020-12-18 15:57:28.078686,751.015579,30.6707837
2020-12-18 15:57:28.643718,751.022653,30.6724783
2020-12-18 15:57:29.198750,751.025337,30.6737309
2020-12-18 15:57:29.759782,751.029085,30.6712275
2020-12-18 15:57:30.306813,751.030559,30.6727015
2020-12-18 15:57:30.850844,751.017515,30.6750593
2020-12-18 15:57:31.395876,751.009717,30.6784485
2020-12-18 15:57:31.961908,751.011597,30.6699017
2020-12-18 15:57:32.501939,751.012997,30.6706285
2020-12-18 15:57:33.038970,751.026409,30.6721658
2020-12-18 15:57:33.578000,751.036405,30.6754076
2020-12-18 15:57:34.120031,751.040063,30.6694396
2020-12-18 15:57:34.666063,751.045811,30.6754076
2020-12-18 15:57:35.210094,751.050159,30.6780605
2020-12-18 15:57:35.766126,751.053379,30.6770307
2020-12-18 15:57:36.314157,751.058928,30.6717995
2020-12-18 15:57:36.868189,751.06394,30.6687787
2020-12-18 15:57:37.433221,751.066592,30.6722416
2020-12-18 15:57:37.973252,751.068214,30.6703996
2020-12-18 15:57:38.528283,751.06995,30.6702707
2020-12-18 15:57:39.070314,751.076141,30.6692438
2020-12-18 15:57:39.627346,751.074519,30.6758012
2020-12-18 15:57:40.181378,751.057054,30.6725593
2020-12-18 15:57:40.719409,751.053958,30.6693911
2020-12-18 15:57:41.265440,751.051452,30.6720414
2020-12-18 15:57:41.816472,751.055358,30.6759442
2020-12-18 15:57:42.360503,751.072897,30.6779335
2020-12-18 15:57:42.927535,751.087898,30.6708604
2020-12-18 15:57:43.489567,751.090773,30.6750601
2020-12-18 15:57:44.045599,751.094015,30.674397
2020-12-18 15:57:44.586630,751.098731,30.678744
2020-12-18 15:57:45.125661,751.103247,30.6716708
2020-12-18 15:57:45.705694,751.112532,30.6757232
2020-12-18 15:57:46.255725,751.115848,30.6755758
2020-12-18 15:57:46.800757,751.118207,30.673292
2020-12-18 15:57:47.342788,751.120564,30.6754304
2020-12-18 15:57:47.890819,751.120858,30.6749886
2020-12-18 15:57:48.425850,751.109362,30.673736
2020-12-18 15:57:48.963880,751.105236,30.6760201
2020-12-18 15:57:49.505911,751.105457,30.6726308
2020-12-18 15:57:50.076944,751.105899,30.6710866
2020-12-18 15:57:50.651977,751.111721,30.6712353
2020-12-18 15:57:51.194008,751.107594,30.6763191
2020-12-18 15:57:51.742039,751.113562,30.6742561
2020-12-18 15:57:52.283070,751.113488,30.677498
2020-12-18 15:57:52.852103,751.11253,30.6759518
2020-12-18 15:57:53.391134,751.119678,30.6742583
2020-12-18 15:57:53.941165,751.121721,30.6766897
2020-12-18 15:57:54.513198,751.129828,30.6759529
2020-12-18 15:57:55.060229,751.142134,30.6744793
2020-12-18 15:57:55.604260,751.157315,30.6747746
2020-12-18 15:57:56.169293,751.154093,30.6739665
2020-12-18 15:57:56.714324,751.151662,30.6750717
2020-12-18 15:57:57.259355,751.159915,30.6774294
2020-12-18 15:57:57.816387,751.179002,30.6739665
2020-12-18 15:57:58.362418,751.182411,30.6730824
2020-12-18 15:57:58.906449,751.192065,30.676547
2020-12-18 15:57:59.443480,751.202161,30.6747791
2020-12-18 15:58:00.005512,751.205182,30.6748528
2020-12-18 15:58:00.543543,751.209604,30.6803787
2020-12-18 15:58:01.093574,751.216752,30.6755159
2020-12-18 15:58:01.665607,751.222574,30.6752225
2020-12-18 15:58:02.214638,751.228322,30.6780968
2020-12-18 15:58:02.755669,751.232911,30.6736024
2020-12-18 15:58:03.309701,751.235859,30.673013
2020-12-18 15:58:03.859732,751.245955,30.6720552
2020-12-18 15:58:04.401763,751.248682,30.6717605
2020-12-18 15:58:04.962795,751.252976,30.6823702
2020-12-18 15:58:05.505827,751.258379,30.676918
2020-12-18 15:58:06.047858,751.26538,30.6734551
2020-12-18 15:58:06.594889,751.269285,30.6751497
2020-12-18 15:58:07.162921,751.259894,30.6790547
2020-12-18 15:58:07.705952,751.264295,30.6780232
2020-12-18 15:58:08.248983,751.280949,30.680823
2020-12-18 15:58:08.805015,751.284929,30.6778758
2020-12-18 15:58:09.354047,751.292319,30.6835491
2020-12-18 15:58:09.894078,751.27997,30.6822965
2020-12-18 15:58:10.450109,751.278938,30.6797178
2020-12-18 15:58:11.008141,751.275106,30.677139
2020-12-18 15:58:11.555173,751.28128,30.6770653
2020-12-18 15:58:12.111204,751.278737,30.6817071
2020-12-18 15:58:12.661236,751.287507,30.681265
2020-12-18 15:58:13.204267,751.293918,30.6758128
2020-12-18 15:58:13.766299,751.29495,30.6845806
2020-12-18 15:58:14.318331,751.293551,30.6802335
2020-12-18 15:58:14.861362,751.3077,30.6794967
2020-12-18 15:58:15.423394,751.3105,30.678981
2020-12-18 15:58:15.965425,751.316126,30.6825913
2020-12-18 15:58:16.514456,751.320206,30.6817808
2020-12-18 15:58:17.062488,751.324627,30.6834754
2020-12-18 15:58:17.619519,751.328533,30.6817808
2020-12-18 15:58:18.170551,751.337376,30.6821492
2020-12-18 15:58:18.719582,751.342535,30.6847279
2020-12-18 15:58:19.270614,751.350125,30.6806756
2020-12-18 15:58:19.813645,751.355431,30.6826649
2020-12-18 15:58:20.362676,751.363022,30.6834017
2020-12-18 15:58:20.910708,751.364716,30.6854647
2020-12-18 15:58:21.459739,751.370685,30.6848753
2020-12-18 15:58:21.997770,751.377834,30.6811928
2020-12-18 15:58:22.553802,751.381739,30.6850256
2020-12-18 15:58:23.099833,751.397952,30.6854677
2020-12-18 15:58:23.647864,751.42087,30.6839941
2020-12-18 15:58:24.209896,751.431924,30.6877517
2020-12-18 15:58:24.766928,751.446589,30.6867939
2020-12-18 15:58:25.329960,751.4554,30.6803839
2020-12-18 15:58:25.874992,751.469476,30.6845836
2020-12-18 15:58:26.425023,751.474487,30.6853203
2020-12-18 15:58:26.966054,751.475445,30.6867202
2020-12-18 15:58:27.523086,751.466213,30.6814156
2020-12-18 15:58:28.066117,751.466065,30.6867222
2020-12-18 15:58:28.619149,751.472256,30.6858383
2020-12-18 15:58:29.168180,751.474466,30.6867961
2020-12-18 15:58:29.715211,751.484456,30.6833332
2020-12-18 15:58:30.260242,751.48792,30.6823754
2020-12-18 15:58:30.816274,751.491163,30.6910674
2020-12-18 15:58:31.396307,751.499637,30.6887824
2020-12-18 15:58:31.933338,751.506269,30.6890771
2020-12-18 15:58:32.482369,751.515554,30.6853932
2020-12-18 15:58:33.061403,751.526461,30.6857616
2020-12-18 15:58:33.613434,751.531177,30.6866472
2020-12-18 15:58:34.159465,751.538526,30.6877539
2020-12-18 15:58:34.715497,751.548106,30.6849541
2020-12-18 15:58:35.265529,751.556139,30.6888591
2020-12-18 15:58:35.802559,751.558865,30.6921009
2020-12-18 15:58:36.366592,751.573624,30.689075
2020-12-18 15:58:36.910623,751.579225,30.684937
2020-12-18 15:58:37.458654,751.588289,30.6895051
2020-12-18 15:58:38.004685,751.592858,30.6857475
2020-12-18 15:58:38.556717,751.605807,30.6911261
2020-12-18 15:58:39.116749,751.609639,30.6858212
2020-12-18 15:58:39.680781,751.61804,30.6920839
2020-12-18 15:58:40.229813,751.625851,30.6840529
2020-12-18 15:58:40.771844,751.635043,30.6874421
2020-12-18 15:58:41.328875,751.645507,30.6902419
2020-12-18 15:58:41.884907,751.651181,30.6900946
2020-12-18 15:58:42.435939,751.661204,30.6879579
2020-12-18 15:58:42.981970,751.66791,30.6939258
2020-12-18 15:58:43.529001,751.67889,30.6897262
2020-12-18 15:58:44.071032,751.68987,30.6895051
2020-12-18 15:58:44.625064,751.692744,30.6897998
2020-12-18 15:58:45.164095,751.70303,30.6895054
2020-12-18 15:58:45.714126,751.714832,30.6903901
2020-12-18 15:58:46.258157,751.722717,30.6873693
2020-12-18 15:58:46.817189,751.732739,30.6883271
2020-12-18 15:58:47.364221,751.744719,30.6928215
2020-12-18 15:58:47.908252,751.75332,30.6921586
2020-12-18 15:58:48.471284,751.763858,30.691129
2020-12-18 15:58:49.021315,751.774469,30.6892134
2020-12-18 15:58:49.579347,751.786287,30.6892871
2020-12-18 15:58:50.137379,751.792062,30.6871504
2020-12-18 15:58:50.701412,751.808127,30.693192
2020-12-18 15:58:51.254443,751.812843,30.6942075
2020-12-18 15:58:51.804475,751.825692,30.6904459
2020-12-18 15:58:52.344506,751.841784,30.6932457
2020-12-18 15:58:52.901537,751.851585,30.6875724
2020-12-18 15:58:53.459569,751.86146,30.6910353
2020-12-18 15:58:54.010601,751.872529,30.6919931
2020-12-18 15:58:54.556632,751.879589,30.6922142
2020-12-18 15:58:55.106664,751.888285,30.695235
2020-12-18 15:58:55.650695,751.896097,30.6883092
2020-12-18 15:58:56.193726,751.906856,30.6948666
2020-12-18 15:58:56.748757,751.91872,30.6943515
2020-12-18 15:58:57.288788,751.929627,30.6929531
2020-12-18 15:58:57.845820,751.932648,30.6954582
2020-12-18 15:58:58.394852,751.944955,30.6927321
2020-12-18 15:58:58.952884,751.95785,30.6961213
2020-12-18 15:58:59.507915,751.971631,30.6966371
2020-12-18 15:59:00.061947,751.979516,30.6936926
2020-12-18 15:59:00.614979,751.986222,30.6937666
2020-12-18 15:59:01.187011,752.002193,30.6909668
2020-12-18 15:59:01.756044,752.014058,30.6903037
2020-12-18 15:59:02.304075,752.024522,30.6928087
2020-12-18 15:59:02.848106,752.037197,30.696198
2020-12-18 15:59:03.409138,752.046482,30.6969347
2020-12-18 15:59:03.958170,752.058126,30.6967874
2020-12-18 15:59:04.498201,752.070948,30.6975979
2020-12-18 15:59:05.051232,752.080381,30.6940613
2020-12-18 15:59:05.611264,752.092909,30.693471
2020-12-18 15:59:06.160296,752.101678,30.6971536
2020-12-18 15:59:06.710327,752.114869,30.6953853
2020-12-18 15:59:07.279360,752.127029,30.6999534
2020-12-18 15:59:07.827391,752.137104,30.6983325
2020-12-18 15:59:08.398424,752.147863,30.6965642
2020-12-18 15:59:08.953456,752.165107,30.7013533
2020-12-18 15:59:09.501487,752.171887,30.6973747
2020-12-18 15:59:10.064519,752.183015,30.6940591
2020-12-18 15:59:10.611550,752.196133,30.6988482
2020-12-18 15:59:11.153581,752.207923,30.6953853
2020-12-18 15:59:11.716614,752.218535,30.6964168
2020-12-18 15:59:12.255644,752.23379,30.6983325
2020-12-18 15:59:12.825677,752.243886,30.6978167
2020-12-18 15:59:13.366708,752.254792,30.6980378
2020-12-18 15:59:13.915739,752.267615,30.7020164
2020-12-18 15:59:14.480772,752.279553,30.7048884
2020-12-18 15:59:15.041804,752.292744,30.7051824
2020-12-18 15:59:15.598836,752.307778,30.704593
2020-12-18 15:59:16.139867,752.315368,30.7029721
2020-12-18 15:59:16.686898,752.328759,30.7029721
2020-12-18 15:59:17.232929,752.343498,30.7026845
2020-12-18 15:59:17.798961,752.355215,30.6997481
2020-12-18 15:59:18.343993,752.367669,30.6973167
2020-12-18 15:59:18.924026,752.382964,30.700927
2020-12-18 15:59:19.466057,752.391881,30.703211
2020-12-18 15:59:20.014088,752.402125,30.7050494
2020-12-18 15:59:20.570120,752.415168,30.6979619
2020-12-18 15:59:21.131152,752.427065,30.7063613
2020-12-18 15:59:21.684184,752.444309,30.7056245
2020-12-18 15:59:22.241216,752.459416,30.7042246
2020-12-18 15:59:22.788247,752.467891,30.7020142
2020-12-18 15:59:23.333278,752.485672,30.7069507
2020-12-18 15:59:23.893310,752.497168,30.7022353
2020-12-18 15:59:24.442341,752.513896,30.7037089
2020-12-18 15:59:24.995373,752.527677,30.7048877
2020-12-18 15:59:25.554405,752.53873,30.7127713
2020-12-18 15:59:26.107437,752.558333,30.7056245
2020-12-18 15:59:26.655468,752.566807,30.7098242
2020-12-18 15:59:27.201499,752.580367,30.7067297
2020-12-18 15:59:27.765532,752.596305,30.7097505
2020-12-18 15:59:28.312563,752.606032,30.7063613
2020-12-18 15:59:28.874595,752.625487,30.7132211
2020-12-18 15:59:29.423626,752.634846,30.7057911
2020-12-18 15:59:29.972658,752.653196,30.7081488
2020-12-18 15:59:30.535690,752.664471,30.7088119
2020-12-18 15:59:31.089722,752.67943,30.7108013
2020-12-18 15:59:31.637753,752.697559,30.7057873
2020-12-18 15:59:32.185784,752.704949,30.7087927
2020-12-18 15:59:32.727815,752.725067,30.7151291
2020-12-18 15:59:33.282847,752.739216,30.7137292
2020-12-18 15:59:33.840879,752.749385,30.7097505
2020-12-18 15:59:34.392911,752.764787,30.7068034
2020-12-18 15:59:34.941942,752.77842,30.7126222
2020-12-18 15:59:35.492973,752.793896,30.713948
2020-12-18 15:59:36.038005,752.806276,30.7108535
2020-12-18 15:59:36.590036,752.823667,30.7120324
2020-12-18 15:59:37.138068,752.841869,30.7090852
2020-12-18 15:59:37.688099,752.853513,30.7121883
2020-12-18 15:59:38.258132,752.869209,30.7122705
2020-12-18 15:59:38.817164,752.885201,30.7132283
2020-12-18 15:59:39.380196,752.897729,30.7126389
2020-12-18 15:59:39.922227,752.910404,30.7138914
2020-12-18 15:59:40.481259,752.929932,30.7128593
2020-12-18 15:59:41.030290,752.942638,30.7130051
2020-12-18 15:59:41.585322,752.960019,30.718531
2020-12-18 15:59:42.155355,752.971589,30.7138893
2020-12-18 15:59:42.702386,752.98338,30.7194152
2020-12-18 15:59:43.242417,753.001771,30.7169099
2020-12-18 15:59:43.805449,753.015456,30.7202237
2020-12-18 15:59:44.355480,753.034838,30.7206655
2020-12-18 15:59:44.896511,753.051419,30.7191183
2020-12-18 15:59:45.477545,753.06682,30.7213287
2020-12-18 15:59:46.033576,753.087086,30.7210339
2020-12-18 15:59:46.595609,753.097771,30.7191183
2020-12-18 15:59:47.136639,753.11671,30.7242758
2020-12-18 15:59:47.681671,753.131044,30.7215497
2020-12-18 15:59:48.246703,753.143313,30.715066
2020-12-18 15:59:48.793734,753.159231,30.7218444
2020-12-18 15:59:49.349766,753.177949,30.7172752
2020-12-18 15:59:49.914798,753.194115,30.7205897
2020-12-18 15:59:50.477831,753.210119,30.7222106
2020-12-18 15:59:51.029862,753.228395,30.7211055
2020-12-18 15:59:51.579894,753.242986,30.7255999
2020-12-18 15:59:52.149926,753.257261,30.7267787
2020-12-18 15:59:52.708958,753.271801,30.7241263
2020-12-18 15:59:53.260990,753.289413,30.7247157
2020-12-18 15:59:53.826022,753.306363,30.7267787
2020-12-18 15:59:54.368053,753.321838,30.7253051
2020-12-18 15:59:54.929085,753.336577,30.7236108
2020-12-18 15:59:55.496118,753.355147,30.7213295
2020-12-18 15:59:56.046149,753.37276,30.7267817
2020-12-18 15:59:56.595180,753.391442,30.7276658
2020-12-18 15:59:57.141212,753.405962,30.7280342
2020-12-18 15:59:57.685243,753.422027,30.7268554
2020-12-18 15:59:58.243275,753.433007,30.7241132
2020-12-18 15:59:58.812307,753.455989,30.7218988
2020-12-18 15:59:59.370339,753.46702,30.7293404
2020-12-18 15:59:59.918371,753.488023,30.7272037
2020-12-18 16:00:00.488403,753.507551,30.7301508
2020-12-18 16:00:01.047435,753.523937,30.7303732
2020-12-18 16:00:01.606467,753.534121,30.7275006
2020-12-18 16:00:02.148498,753.557776,30.7291215
2020-12-18 16:00:02.715531,753.569788,30.728311
2020-12-18 16:00:03.256561,753.591601,30.7325107
2020-12-18 16:00:03.809593,753.608182,30.7258051
2020-12-18 16:00:04.352624,753.623289,30.7300772
2020-12-18 16:00:04.910656,753.640386,30.7317718
2020-12-18 16:00:05.468688,753.661094,30.7359715
2020-12-18 16:00:06.012719,753.675979,30.7296351
2020-12-18 16:00:06.572751,753.697571,30.7308872
2020-12-18 16:00:07.115782,753.710541,30.729854
2020-12-18 16:00:07.671814,753.727417,30.7328748
2020-12-18 16:00:08.225846,753.747019,30.7349378
2020-12-18 16:00:08.780877,753.761242,30.7372218
2020-12-18 16:00:09.337909,753.778928,30.7361166
2020-12-18 16:00:09.884941,753.796836,30.7342747
2020-12-18 16:00:10.425972,753.812586,30.7349378
2020-12-18 16:00:10.985004,753.829978,30.7379586
2020-12-18 16:00:11.527035,753.849285,30.7386954
2020-12-18 16:00:12.069066,753.863876,30.7356009
2020-12-18 16:00:12.630098,753.880236,30.7397993
2020-12-18 16:00:13.168128,753.901902,30.7352303
2020-12-18 16:00:13.719160,753.915977,30.7374407
2020-12-18 16:00:14.260191,753.935727,30.7344199
2020-12-18 16:00:14.814223,753.951926,30.7409773
2020-12-18 16:00:15.357254,753.970717,30.7398721
2020-12-18 16:00:15.908285,753.985824,30.7381038
2020-12-18 16:00:16.463317,754.00329,30.7376617
2020-12-18 16:00:17.002348,754.025397,30.7399458
2020-12-18 16:00:17.545379,754.036525,30.7436297
2020-12-18 16:00:18.088410,754.057601,30.7369249
2020-12-18 16:00:18.678444,754.074108,30.7384903
2020-12-18 16:00:19.233475,754.095479,30.7448286
2020-12-18 16:00:19.780507,754.111765,30.7443866
2020-12-18 16:00:20.323538,754.130999,30.7374608
2020-12-18 16:00:20.875569,754.146769,30.7397448
2020-12-18 16:00:21.434601,754.16593,30.7414409
2020-12-18 16:00:21.980632,754.183542,30.7450518
2020-12-18 16:00:22.544665,754.204324,30.7490305
2020-12-18 16:00:23.093696,754.217515,30.7465254
2020-12-18 16:00:23.638727,754.237505,30.7447571
2020-12-18 16:00:24.198759,754.25954,30.7403264
2020-12-18 16:00:24.741790,754.274352,30.7454738
2020-12-18 16:00:25.310823,754.289459,30.7451054
2020-12-18 16:00:25.861854,754.31223,30.7426741
2020-12-18 16:00:26.402885,754.332422,30.7411268
2020-12-18 16:00:26.960917,754.348855,30.7458422
2020-12-18 16:00:27.515949,754.362562,30.7417899
2020-12-18 16:00:28.066981,754.387451,30.7421583
2020-12-18 16:00:28.616012,754.402116,30.7481263
2020-12-18 16:00:29.177044,754.42555,30.7418636
2020-12-18 16:00:29.720075,754.437341,30.7468001
2020-12-18 16:00:30.274107,754.460225,30.7470211
2020-12-18 16:00:30.824138,754.479606,30.7485683
2020-12-18 16:00:31.373170,754.497956,30.7481263
2020-12-18 16:00:31.946202,754.514463,30.7508524
2020-12-18 16:00:32.483233,754.533255,30.7517365
2020-12-18 16:00:33.023264,754.55131,30.7476105
2020-12-18 16:00:33.559295,754.571796,30.7490841
2020-12-18 16:00:34.102326,754.588082,30.7529154
2020-12-18 16:00:34.649357,754.607021,30.7495262
2020-12-18 16:00:35.191388,754.62375,30.7459896
2020-12-18 16:00:35.754420,754.646373,30.752326
2020-12-18 16:00:36.320453,754.66288,30.7522523
2020-12-18 16:00:36.870484,754.686607,30.7533575
2020-12-18 16:00:37.427516,754.701161,30.7529891
2020-12-18 16:00:37.974547,754.720985,30.7549784
2020-12-18 16:00:38.521579,754.738671,30.7511474
2020-12-18 16:00:39.064610,754.75842,30.7519602
2020-12-18 16:00:39.622642,754.77699,30.7610967
2020-12-18 16:00:40.171673,754.793203,30.7617598
2020-12-18 16:00:40.741706,754.815532,30.7564549
2020-12-18 16:00:41.290737,754.834397,30.7578548
2020-12-18 16:00:41.857769,754.849799,30.7535078
2020-12-18 16:00:42.407801,754.87257,30.756676
2020-12-18 16:00:42.954832,754.892614,30.7536552
2020-12-18 16:00:43.524865,754.914774,30.7588863
2020-12-18 16:00:44.074896,754.931176,30.7574864
2020-12-18 16:00:44.613927,754.952326,30.7535078
2020-12-18 16:00:45.165959,754.970086,30.7599178
2020-12-18 16:00:45.720990,754.989704,30.7564549
2020-12-18 16:00:46.272022,755.007059,30.7595494
2020-12-18 16:00:46.830054,755.027472,30.7538762
2020-12-18 16:00:47.378085,755.045011,30.7571174
2020-12-18 16:00:47.917116,755.067805,30.7589579
2020-12-18 16:00:48.479148,755.082929,30.7613156
2020-12-18 16:00:49.046180,755.108205,30.7582211
2020-12-18 16:00:49.609213,755.124712,30.7590315
2020-12-18 16:00:50.167245,755.142767,30.7645576
2020-12-18 16:00:50.718276,755.165022,30.7652962
2020-12-18 16:00:51.267308,755.18374,30.7661069
2020-12-18 16:00:51.813339,755.203121,30.7641912
2020-12-18 16:00:52.359370,755.224787,30.7596968
2020-12-18 16:00:52.907401,755.242473,30.762644
2020-12-18 16:00:53.470434,755.261339,30.7617754
2020-12-18 16:00:54.034466,755.285068,30.7605295
2020-12-18 16:00:54.582497,755.301586,30.7593507
2020-12-18 16:00:55.123528,755.322189,30.7620768
2020-12-18 16:00:55.691561,755.343265,30.7610453
2020-12-18 16:00:56.241592,755.361688,30.7646555
2020-12-18 16:00:56.786623,755.380062,30.763624
2020-12-18 16:00:57.350655,755.400691,30.7637714
2020-12-18 16:00:57.896687,755.42184,30.7620031
2020-12-18 16:00:58.457719,755.441369,30.7688552
2020-12-18 16:00:59.000750,755.459276,30.7683388
2020-12-18 16:00:59.565782,755.481679,30.7591275
2020-12-18 16:01:00.113814,755.500765,30.7644323
2020-12-18 16:01:00.658845,755.518967,30.7662743
2020-12-18 16:01:01.201876,755.542696,30.7666427
2020-12-18 16:01:01.775909,755.558024,30.7681163
2020-12-18 16:01:02.338941,755.583817,30.7670111
2020-12-18 16:01:02.897973,755.601945,30.7652428
2020-12-18 16:01:03.456005,755.621916,30.770695
2020-12-18 16:01:03.997036,755.639234,30.7698846
2020-12-18 16:01:04.551067,755.664584,30.7704003
2020-12-18 16:01:05.099099,755.680796,30.7724648
2020-12-18 16:01:05.672131,755.704526,30.771655
2020-12-18 16:01:06.212162,755.72433,30.7685605
2020-12-18 16:01:06.760194,755.745627,30.7715077
2020-12-18 16:01:07.306225,755.767956,30.7697394
2020-12-18 16:01:07.849256,755.78181,30.7708466
2020-12-18 16:01:08.400287,755.805466,30.7680499
2020-12-18 16:01:08.946319,755.826616,30.7674605
2020-12-18 16:01:09.506351,755.846439,30.7750494
2020-12-18 16:01:10.064383,755.863388,30.7761546
2020-12-18 16:01:10.636415,755.886602,30.7687085
2020-12-18 16:01:11.184447,755.907825,30.7709084
2020-12-18 16:01:11.740479,755.93406,30.774445
2020-12-18 16:01:12.289510,755.948946,30.7814445
2020-12-18 16:01:12.839541,755.967094,30.7759186
2020-12-18 16:01:13.388573,755.988465,30.7695822
2020-12-18 16:01:13.954605,756.010646,30.772603
2020-12-18 16:01:14.505637,756.030691,30.7760659
2020-12-18 16:01:15.047668,756.053169,30.7709821
2020-12-18 16:01:15.606700,756.075276,30.7778342
2020-12-18 16:01:16.149731,756.097458,30.7747397
2020-12-18 16:01:16.693762,756.115807,30.7749621
2020-12-18 16:01:17.250794,756.136736,30.7784258
2020-12-18 16:01:17.809826,756.158475,30.7804888
2020-12-18 16:01:18.371858,756.179404,30.7810783
2020-12-18 16:01:18.922889,756.204091,30.7780574
2020-12-18 16:01:19.464920,756.22364,30.7742998
2020-12-18 16:01:20.044954,756.243463,30.7806362
2020-12-18 16:01:20.604986,756.266529,30.7755524
2020-12-18 16:01:21.170018,756.285689,30.781373
2020-12-18 16:01:21.734050,756.30942,30.7822571
2020-12-18 16:01:22.280081,756.328212,30.7793841
2020-12-18 16:01:22.828113,756.352678,30.7833645
2020-12-18 16:01:23.385145,756.374933,30.7834382
2020-12-18 16:01:23.947177,756.395881,30.7853538
2020-12-18 16:01:24.506209,756.415778,30.7835118
2020-12-18 16:01:25.057240,756.437297,30.7877852
2020-12-18 16:01:25.619272,756.460363,30.7852821
2020-12-18 16:01:26.164304,756.478786,30.7874927
2020-12-18 16:01:26.711335,756.500304,30.7855033
2020-12-18 16:01:27.253366,756.524181,30.7860191
2020-12-18 16:01:27.819398,756.544446,30.7883031
2020-12-18 16:01:28.361429,756.566205,30.7884759
2020-12-18 16:01:28.925461,756.586766,30.7823039
2020-12-18 16:01:29.468493,756.609758,30.7834827
2020-12-18 16:01:30.017524,756.630613,30.789377
2020-12-18 16:01:30.562555,756.651743,30.7882718
2020-12-18 16:01:31.112587,756.670461,30.7878992
2020-12-18 16:01:31.673619,756.694411,30.7870087
2020-12-18 16:01:32.226650,756.717182,30.7945239
2020-12-18 16:01:32.782682,756.737326,30.797029
2020-12-18 16:01:33.335714,756.757217,30.7924609
2020-12-18 16:01:33.890745,756.780725,30.7949669
2020-12-18 16:01:34.447777,756.80158,30.7902549
2020-12-18 16:01:35.006809,756.827815,30.7938652
2020-12-18 16:01:35.565841,756.846164,30.7919495
2020-12-18 16:01:36.129874,756.868862,30.7903286
2020-12-18 16:01:36.673905,756.890675,30.788634
2020-12-18 16:01:37.275939,756.913109,30.7906989
2020-12-18 16:01:37.821970,756.93703,30.7897413
2020-12-18 16:01:38.358001,756.95899,30.7918043
2020-12-18 16:01:38.911033,756.979477,30.7940884
2020-12-18 16:01:39.460064,757.000716,30.7994669
2020-12-18 16:01:40.017096,757.025351,30.7979928
2020-12-18 16:01:40.563127,757.045027,30.7971084
2020-12-18 16:01:41.112158,757.066251,30.7982136
2020-12-18 16:01:41.652189,757.086516,30.7973294
2020-12-18 16:01:42.213221,757.107003,30.7981399
2020-12-18 16:01:42.762253,757.131911,30.8045511
2020-12-18 16:01:43.324285,757.152619,30.80109
2020-12-18 16:01:43.869316,757.180106,30.7974798
2020-12-18 16:01:44.429348,757.205678,30.798806
2020-12-18 16:01:44.977380,757.231323,30.798806
2020-12-18 16:01:45.537412,757.259694,30.8010904
2020-12-18 16:01:46.101444,757.282802,30.8019763
2020-12-18 16:01:46.658476,757.303856,30.7990292
2020-12-18 16:01:47.208507,757.330165,30.8041867
2020-12-18 16:01:47.751538,757.351314,30.7975556
2020-12-18 16:01:48.309570,757.375412,30.8019763
2020-12-18 16:01:48.868602,757.400099,30.7984415
2020-12-18 16:01:49.420634,757.421175,30.8033047
2020-12-18 16:01:49.986666,757.443504,30.800947
2020-12-18 16:01:50.526697,757.466644,30.8055888
2020-12-18 16:01:51.066728,757.489709,30.8052204
2020-12-18 16:01:51.602759,757.516165,30.8075867
2020-12-18 16:01:52.147790,757.534736,30.8078163
2020-12-18 16:01:52.695821,757.557422,30.8071532
2020-12-18 16:01:53.240852,757.580814,30.8114265
2020-12-18 16:01:53.781883,757.598426,30.8031008
2020-12-18 16:01:54.347916,757.623408,30.8075162
2020-12-18 16:01:54.889947,757.646253,30.8088298
2020-12-18 16:01:55.440978,757.671362,30.8105981
2020-12-18 16:01:55.995010,757.691112,30.8068405
2020-12-18 16:01:56.547041,757.711893,30.8108928
2020-12-18 16:01:57.102073,757.734517,30.811777
2020-12-18 16:01:57.646104,757.762225,30.8067668
2020-12-18 16:01:58.201136,757.785217,30.8173029
2020-12-18 16:01:58.738167,757.806809,30.8132505
2020-12-18 16:01:59.294198,757.827738,30.8137663
2020-12-18 16:01:59.846230,757.851393,30.8128085
2020-12-18 16:02:00.408262,757.876523,30.8125125
2020-12-18 16:02:00.955293,757.898483,30.813101
2020-12-18 16:02:01.505325,757.918527,30.8139115
2020-12-18 16:02:02.070357,757.944782,30.8156798
2020-12-18 16:02:02.624389,757.965858,30.8133957
2020-12-18 16:02:03.184421,757.993493,30.8201742
2020-12-18 16:02:03.732452,758.011179,30.8217951
2020-12-18 16:02:04.289484,758.037709,30.8212794
2020-12-18 16:02:04.830515,758.060406,30.8164902
2020-12-18 16:02:05.379547,758.078977,30.8201005
2020-12-18 16:02:05.928578,758.100053,30.8219425
2020-12-18 16:02:06.470609,758.126287,30.8223109
2020-12-18 16:02:07.014640,758.146553,30.821132
2020-12-18 16:02:07.559671,758.169324,30.8189216
2020-12-18 16:02:08.108703,758.190842,30.8221635
2020-12-18 16:02:08.660734,758.217573,30.820911
2020-12-18 16:02:09.230767,758.23887,30.8210583
2020-12-18 16:02:09.789799,758.262083,30.825037
2020-12-18 16:02:10.341830,758.288392,30.8210583
2020-12-18 16:02:10.889862,758.306815,30.8259211
2020-12-18 16:02:11.453894,758.33327,30.8259211
2020-12-18 16:02:12.028927,758.354273,30.8221527
2020-12-18 16:02:12.568958,758.377191,30.8270084
2020-12-18 16:02:13.110989,758.400036,30.8242086
2020-12-18 16:02:13.651020,758.421849,30.8295871
2020-12-18 16:02:14.204051,758.448452,30.8329763
2020-12-18 16:02:14.763083,758.467612,30.8295128
2020-12-18 16:02:15.315115,758.491636,30.8261957
2020-12-18 16:02:15.876147,758.512344,30.8332689
2020-12-18 16:02:16.428178,758.539684,30.8301744
2020-12-18 16:02:16.968209,758.56216,30.8288482
2020-12-18 16:02:17.526241,758.580436,30.8298772
2020-12-18 16:02:18.062272,758.606597,30.8317733
2020-12-18 16:02:18.603303,758.631505,30.8331707
2020-12-18 16:02:19.173335,758.652802,30.8300025
2020-12-18 16:02:19.730367,758.67572,30.8306656
2020-12-18 16:02:20.275399,758.697312,30.830592
2020-12-18 16:02:20.830430,758.71861,30.8290432
2020-12-18 16:02:21.380462,758.746023,30.8355999
2020-12-18 16:02:21.933493,758.767056,30.8319897
2020-12-18 16:02:22.488525,758.792175,30.8339053
2020-12-18 16:02:23.047557,758.81104,30.8344211
2020-12-18 16:02:23.611589,758.837201,30.8396426
2020-12-18 16:02:24.159621,758.860267,30.8343281
2020-12-18 16:02:24.701652,758.886428,30.8346965
2020-12-18 16:02:25.244683,758.907062,30.8352122
2020-12-18 16:02:25.795714,758.928433,30.8410328
2020-12-18 16:02:26.342746,758.955037,30.838012
2020-12-18 16:02:26.903778,758.97921,30.8349912
2020-12-18 16:02:27.447809,758.998886,30.8397066
2020-12-18 16:02:28.022842,759.024531,30.8374226
2020-12-18 16:02:28.580874,759.048731,30.8396329
2020-12-18 16:02:29.122905,759.072414,30.8358016
2020-12-18 16:02:29.661935,759.098354,30.8388207
2020-12-18 16:02:30.220967,759.115451,30.8363152
2020-12-18 16:02:30.765999,759.142221,30.8400728
2020-12-18 16:02:31.314030,759.160789,30.8431673
2020-12-18 16:02:31.869062,759.184297,30.8413254
2020-12-18 16:02:32.412093,759.210679,30.8476617
2020-12-18 16:02:32.975125,759.232566,30.8456724
2020-12-18 16:02:33.520156,759.256368,30.8441252
2020-12-18 16:02:34.070188,759.279655,30.8443462
2020-12-18 16:02:34.631220,759.303827,30.8454514
2020-12-18 16:02:35.178251,759.327187,30.8447883
2020-12-18 16:02:35.725282,759.351064,30.8408833
2020-12-18 16:02:36.261313,759.373393,30.8467039
2020-12-18 16:02:36.818345,759.396458,30.845083
2020-12-18 16:02:37.378377,759.424609,30.8427989
2020-12-18 16:02:37.931408,759.442978,30.8430955
2020-12-18 16:02:38.487440,759.466781,30.845101
2020-12-18 16:02:39.038472,759.493163,30.8437747
2020-12-18 16:02:39.594503,759.518366,30.8499638
2020-12-18 16:02:40.138535,759.54241,30.8431853
2020-12-18 16:02:40.708567,759.560464,30.8507005
2020-12-18 16:02:41.262599,759.587362,30.8481242
2020-12-18 16:02:41.810630,759.61006,30.847388
2020-12-18 16:02:42.361662,759.635892,30.8475353
2020-12-18 16:02:42.909693,759.659178,30.8535033
2020-12-18 16:02:43.458725,759.683423,30.8501141
2020-12-18 16:02:44.032757,759.706637,30.8508496
2020-12-18 16:02:44.577789,759.732763,30.8547537
2020-12-18 16:02:45.125820,759.755019,30.8508487
2020-12-18 16:02:45.677851,759.776168,30.8539432
2020-12-18 16:02:46.226883,759.799013,30.8474595
2020-12-18 16:02:46.779914,759.823425,30.8543862
2020-12-18 16:02:47.327946,759.846565,30.8514411
2020-12-18 16:02:47.871977,759.872062,30.854462
2020-12-18 16:02:48.422008,759.893728,30.8579985
2020-12-18 16:02:48.995041,759.923209,30.8536515
2020-12-18 16:02:49.537072,759.943548,30.8571147
2020-12-18 16:02:50.082103,759.967646,30.8556435
2020-12-18 16:02:50.636135,759.987469,30.8580752
2020-12-18 16:02:51.185166,760.009798,30.8575595
2020-12-18 16:02:51.731198,760.037359,30.8563806
2020-12-18 16:02:52.281229,760.064626,30.8571911
2020-12-18 16:02:52.831261,760.084154,30.8597818
2020-12-18 16:02:53.371291,760.106667,30.8580187
2020-12-18 16:02:53.926323,760.132533,30.857724
2020-12-18 16:02:54.482355,760.157662,30.8584608
2020-12-18 16:02:55.063388,760.181317,30.8629552
2020-12-18 16:02:55.606419,760.206614,30.8621537
2020-12-18 16:02:56.154451,760.227027,30.8627521
2020-12-18 16:02:56.711483,760.254809,30.8610575
2020-12-18 16:02:57.260514,760.27618,30.8578156
2020-12-18 16:02:57.806545,760.301137,30.8608365
2020-12-18 16:02:58.362577,760.324281,30.862237
2020-12-18 16:02:58.910608,760.348895,30.8616491
2020-12-18 16:02:59.449639,760.370634,30.8634174
2020-12-18 16:03:00.006671,760.396089,30.8646699
2020-12-18 16:03:00.561703,760.417965,30.8639332
2020-12-18 16:03:01.123735,760.445894,30.8671013
2020-12-18 16:03:01.681767,760.469844,30.8724826
2020-12-18 16:03:02.221798,760.490067,30.86902
2020-12-18 16:03:02.760829,760.513195,30.8694621
2020-12-18 16:03:03.297859,760.53663,30.8694621
2020-12-18 16:03:03.836890,760.562127,30.874988
2020-12-18 16:03:04.402922,760.585193,30.8705672
2020-12-18 16:03:04.942953,760.609807,30.8712304
2020-12-18 16:03:05.490985,760.633241,30.8735144
2020-12-18 16:03:06.056017,760.657338,30.8707146
2020-12-18 16:03:06.601048,760.676845,30.8700515
2020-12-18 16:03:07.147079,760.7015,30.8653419
2020-12-18 16:03:07.695111,760.731493,30.8695551
2020-12-18 16:03:08.258143,760.752127,30.8774387
2020-12-18 16:03:08.801174,760.778318,30.873018
2020-12-18 16:03:09.347205,760.800838,30.8736811
2020-12-18 16:03:09.906237,760.82781,30.8764077
2020-12-18 16:03:10.457269,760.853602,30.8719175
2020-12-18 16:03:11.005300,760.872173,30.8736863
2020-12-18 16:03:11.554331,760.893986,30.87376
2020-12-18 16:03:12.125364,760.922063,30.8789912
2020-12-18 16:03:12.680396,760.945129,30.8758966
2020-12-18 16:03:13.242428,760.968773,30.8779716
2020-12-18 16:03:13.783459,760.99806,30.8800377
2020-12-18 16:03:14.326490,761.023484,30.8759853
2020-12-18 16:03:14.870521,761.041981,30.8741433
2020-12-18 16:03:15.420553,761.068436,30.8770168
2020-12-18 16:03:15.973584,761.087965,30.8852614
2020-12-18 16:03:16.534616,761.116116,30.8804647
2020-12-18 16:03:17.082648,761.13896,30.8796543
2020-12-18 16:03:17.639680,761.1663,30.8812752
2020-12-18 16:03:18.203712,761.187946,30.8812015
2020-12-18 16:03:18.745743,761.209833,30.8837812
2020-12-18 16:03:19.303775,761.23673,30.883857
2020-12-18 16:03:19.851806,761.256922,30.884299
2020-12-18 16:03:20.395837,761.284406,30.8820887
2020-12-18 16:03:20.938868,761.305408,30.8866567
2020-12-18 16:03:21.510901,761.331495,30.8845201
2020-12-18 16:03:22.074933,761.357214,30.8893829
2020-12-18 16:03:22.639966,761.383247,30.8871725
2020-12-18 16:03:23.203998,761.405649,30.8858463
2020-12-18 16:03:23.769030,761.43321,30.8885724
2020-12-18 16:03:24.323062,761.454507,30.8868041
2020-12-18 16:03:24.872093,761.479489,30.8901796
2020-12-18 16:03:25.420125,761.50425,30.8843555
2020-12-18 16:03:25.979157,761.529748,30.8850923
2020-12-18 16:03:26.546189,761.552887,30.8891446
2020-12-18 16:03:27.097220,761.578478,30.8961441
2020-12-18 16:03:27.651252,761.604271,30.8937127
2020-12-18 16:03:28.212284,761.62881,30.8931233
2020-12-18 16:03:28.785317,761.655266,30.8915024
2020-12-18 16:03:29.349349,761.680748,30.8907656
2020-12-18 16:03:29.890380,761.703077,30.8929759
2020-12-18 16:03:30.444412,761.724522,30.8948179
2020-12-18 16:03:31.008444,761.75142,30.8930496
2020-12-18 16:03:31.570476,761.779148,30.8944495
2020-12-18 16:03:32.115508,761.805235,30.8959231
2020-12-18 16:03:32.670539,761.824174,30.893197
2020-12-18 16:03:33.218571,761.849303,30.8982808
2020-12-18 16:03:33.793604,761.8788,30.8940075
2020-12-18 16:03:34.347635,761.901644,30.8943022
2020-12-18 16:03:34.888666,761.927437,30.8987966
2020-12-18 16:03:35.445698,761.948955,30.8983545
2020-12-18 16:03:36.004730,761.973274,30.8932707
2020-12-18 16:03:36.545761,761.997371,30.8956284
2020-12-18 16:03:37.099793,762.025301,30.8966599
2020-12-18 16:03:37.647824,762.051609,30.8994597
2020-12-18 16:03:38.199856,762.074822,30.8996807
2020-12-18 16:03:38.754887,762.094572,30.8968072
2020-12-18 16:03:39.299918,762.125007,30.9013619
2020-12-18 16:03:39.872951,762.148662,30.9034897
2020-12-18 16:03:40.433983,762.169296,30.9034897
2020-12-18 16:03:40.992015,762.198184,30.9038581
2020-12-18 16:03:41.539047,762.223018,30.9029002
2020-12-18 16:03:42.078077,762.246158,30.9038581
2020-12-18 16:03:42.627109,762.268561,30.9050369
2020-12-18 16:03:43.190141,762.296564,30.9073946
2020-12-18 16:03:43.733172,762.320145,30.9040054
2020-12-18 16:03:44.285204,762.347191,30.903416
2020-12-18 16:03:44.844236,762.366886,30.9031213
2020-12-18 16:03:45.383266,762.398647,30.903416
2020-12-18 16:03:45.935298,762.418397,30.9041528
2020-12-18 16:03:46.485329,762.442052,30.9049632
2020-12-18 16:03:47.024360,762.469867,30.9098997
2020-12-18 16:03:47.574392,762.492444,30.9022371
2020-12-18 16:03:48.129423,762.515362,30.9058312
2020-12-18 16:03:48.668454,762.541081,30.9082586
2020-12-18 16:03:49.220486,762.567278,30.9126056
2020-12-18 16:03:49.789518,762.591506,30.9119425
2020-12-18 16:03:50.337550,762.61693,30.9043536
2020-12-18 16:03:50.897582,762.644491,30.9095126
2020-12-18 16:03:51.454614,762.664574,30.9082616
2020-12-18 16:03:51.996645,762.690712,30.9095141
2020-12-18 16:03:52.541676,762.717683,30.9146716
2020-12-18 16:03:53.100708,762.741117,30.9137138
2020-12-18 16:03:53.667740,762.770742,30.9140822
2020-12-18 16:03:54.223772,762.789386,30.9095141
2020-12-18 16:03:54.777804,762.817684,30.9123876
2020-12-18 16:03:55.325835,762.844729,30.9128297
2020-12-18 16:03:55.875867,762.869812,30.9161452
2020-12-18 16:03:56.424898,762.891873,30.9156292
2020-12-18 16:03:56.966929,762.917223,30.9107647
2020-12-18 16:03:57.522961,762.939994,30.9176903
2020-12-18 16:03:58.082993,762.966199,30.9160694
2020-12-18 16:03:58.635024,762.992168,30.9160694
2020-12-18 16:03:59.183056,763.014497,30.917764
2020-12-18 16:03:59.729087,763.044785,30.9171766
2020-12-18 16:04:00.299120,763.068145,30.9126095
2020-12-18 16:04:00.851151,763.090106,30.9195353
2020-12-18 16:04:01.393182,763.113319,30.9199773
2020-12-18 16:04:01.975215,763.139996,30.918209
2020-12-18 16:04:02.534247,763.169104,30.9184312
2020-12-18 16:04:03.105280,763.194823,30.9184323
2020-12-18 16:04:03.653311,763.221205,30.9227793
2020-12-18 16:04:04.213343,763.239555,30.918727
2020-12-18 16:04:04.771375,763.269717,30.9232214
2020-12-18 16:04:05.335408,763.291783,30.9245476
2020-12-18 16:04:05.885439,763.320229,30.9216741
2020-12-18 16:04:06.427470,763.341821,30.9225583
2020-12-18 16:04:06.968501,763.370805,30.9278631
2020-12-18 16:04:07.528533,763.394551,30.9269053
2020-12-18 16:04:08.082565,763.420048,30.9314748
2020-12-18 16:04:08.641597,763.444588,30.9400343
2020-12-18 16:04:09.189628,763.473402,30.9303824
2020-12-18 16:04:09.731659,763.496394,30.9269932
2020-12-18 16:04:10.295691,763.518354,30.9213936
2020-12-18 16:04:10.838722,763.544589,30.9224988
2020-12-18 16:04:11.386754,763.572224,30.9286036
2020-12-18 16:04:11.947786,763.598841,30.9280097
2020-12-18 16:04:12.491817,763.622423,30.9249888
2020-12-18 16:04:13.041848,763.645563,30.9276413
2020-12-18 16:04:13.578879,763.672608,30.9306621
2020-12-18 16:04:14.143911,763.698916,30.9277049
2020-12-18 16:04:14.687943,763.722056,30.931084
2020-12-18 16:04:15.241974,763.744237,30.9338101
2020-12-18 16:04:15.800006,763.773419,30.9302735
2020-12-18 16:04:16.348037,763.796612,30.9318208
2020-12-18 16:04:16.908070,763.826311,30.9295383
2020-12-18 16:04:17.453101,763.848271,30.9319733
2020-12-18 16:04:18.005132,763.871042,30.9386781
2020-12-18 16:04:18.562164,763.899521,30.9355099
2020-12-18 16:04:19.109195,763.923103,30.93411
2020-12-18 16:04:19.656227,763.953833,30.9338889
2020-12-18 16:04:20.230260,763.974614,30.938238
2020-12-18 16:04:20.771290,764.003944,30.9403749
2020-12-18 16:04:21.337323,764.026936,30.9353647
2020-12-18 16:04:21.885354,764.053023,30.9405222
2020-12-18 16:04:22.435386,764.07911,30.9422168
2020-12-18 16:04:22.990417,764.10223,30.9384117
2020-12-18 16:04:23.538449,764.12876,30.9423279
2020-12-18 16:04:24.109481,764.152046,30.9421069
2020-12-18 16:04:24.650512,764.180492,30.9453488
2020-12-18 16:04:25.197544,764.205902,30.9421069
2020-12-18 16:04:25.763576,764.230294,30.9426972
2020-12-18 16:04:26.311607,764.256455,30.9412249
2020-12-18 16:04:26.853638,764.281879,30.9440247
2020-12-18 16:04:27.402670,764.307303,30.9373199
2020-12-18 16:04:27.967702,764.331622,30.9423301
2020-12-18 16:04:28.513733,764.358519,30.9433622
2020-12-18 16:04:29.064765,764.384459,30.9457223
2020-12-18 16:04:29.612796,764.408355,30.9441751
2020-12-18 16:04:30.161828,764.43798,30.9492589
2020-12-18 16:04:30.702859,764.460529,30.947859
2020-12-18 16:04:31.256890,764.486911,30.9452066
2020-12-18 16:04:31.960930,764.519391,30.9454276
2020-12-18 16:04:32.522963,764.543562,30.9466802
2020-12-18 16:04:33.067994,764.568101,30.9512482
2020-12-18 16:04:33.611025,764.598315,30.9497747
2020-12-18 16:04:34.164057,764.619411,30.9441014
2020-12-18 16:04:34.706088,764.648077,30.9460009
2020-12-18 16:04:35.273120,764.671512,30.9515964
2020-12-18 16:04:35.832152,764.696051,30.9504176
2020-12-18 16:04:36.383183,764.72658,30.95307
2020-12-18 16:04:36.920214,764.751267,30.9516701
2020-12-18 16:04:37.481246,764.776396,30.9527029
2020-12-18 16:04:38.027277,764.804989,30.9507145
2020-12-18 16:04:38.576309,764.827042,30.9510828
2020-12-18 16:04:39.135341,764.856519,30.9498303
2020-12-18 16:04:39.684372,764.877816,30.9510828
2020-12-18 16:04:40.231404,764.904272,30.9535888
2020-12-18 16:04:40.793436,764.928549,30.9541067
2020-12-18 16:04:41.339467,764.957215,30.9577906
2020-12-18 16:04:41.880498,764.985661,30.9557276
2020-12-18 16:04:42.419529,765.007916,30.9578643
2020-12-18 16:04:42.974560,765.033193,30.9605924
2020-12-18 16:04:43.523592,765.065028,30.952725
2020-12-18 16:04:44.097625,765.08522,30.9580319
2020-12-18 16:04:44.660657,765.115728,30.9612001
2020-12-18 16:04:45.213689,765.14428,30.9620842
2020-12-18 16:04:45.759720,765.168451,30.9619369
2020-12-18 16:04:46.306751,765.196602,30.9600071
2020-12-18 16:04:46.860783,765.220847,30.9612535
2020-12-18 16:04:47.408814,765.249017,30.9591168
2020-12-18 16:04:47.960846,765.276357,30.964127
2020-12-18 16:04:48.526878,765.301412,30.9640533
2020-12-18 16:04:49.068909,765.328384,30.965969
2020-12-18 16:04:49.609940,765.353606,30.9639796
2020-12-18 16:04:50.149971,765.383746,30.9630955
2020-12-18 16:04:50.706003,765.411897,30.9672215
2020-12-18 16:04:51.251034,765.435699,30.970095
2020-12-18 16:04:51.805066,765.462892,30.9701682
2020-12-18 16:04:52.364097,765.484189,30.9700191
2020-12-18 16:04:52.905128,765.516467,30.9700191
2020-12-18 16:04:53.468161,765.537911,30.969356
2020-12-18 16:04:54.025192,765.570474,30.9681035
2020-12-18 16:04:54.564223,765.595914,30.9748082
2020-12-18 16:04:55.114255,765.620012,30.9725979
2020-12-18 16:04:55.662286,765.647352,30.9712717
2020-12-18 16:04:56.209317,765.672964,30.9730399
2020-12-18 16:04:56.784350,765.701682,30.9754713
2020-12-18 16:04:57.321381,765.726885,30.9726716
2020-12-18 16:04:57.863412,765.752825,30.9755463
2020-12-18 16:04:58.412443,765.778075,30.972379
2020-12-18 16:04:58.960475,765.800966,30.9712002
2020-12-18 16:04:59.497505,765.833317,30.976284
2020-12-18 16:05:00.044537,765.858593,30.9734105
2020-12-18 16:05:00.607569,765.884664,30.9751788
2020-12-18 16:05:01.149600,765.906734,30.9754735
2020-12-18 16:05:01.709632,765.939306,30.976505
2020-12-18 16:05:02.257663,765.96193,30.9773892
2020-12-18 16:05:02.805695,765.990159,30.9741473
2020-12-18 16:05:03.377727,766.015411,30.9797491
2020-12-18 16:05:03.927759,766.042088,30.9778537
2020-12-18 16:05:04.480791,766.066922,30.9822007
2020-12-18 16:05:05.043823,766.09522,30.9770432
2020-12-18 16:05:05.588854,766.121536,30.9796956
2020-12-18 16:05:06.134885,766.149908,30.9799904
2020-12-18 16:05:06.699917,766.175332,30.9758488
2020-12-18 16:05:07.249949,766.200535,30.9818129
2020-12-18 16:05:07.791980,766.229347,30.9819603
2020-12-18 16:05:08.331011,766.25116,30.9880756
2020-12-18 16:05:08.897043,766.2799,30.9880019
2020-12-18 16:05:09.442074,766.304882,30.9829896
2020-12-18 16:05:10.012107,766.331043,30.9829137
2020-12-18 16:05:10.557138,766.359489,30.990871
2020-12-18 16:05:11.132171,766.386165,30.9870397
2020-12-18 16:05:11.690203,766.414095,30.9842399
2020-12-18 16:05:12.250235,766.43694,30.9866046
2020-12-18 16:05:12.813267,766.471649,30.9894884
2020-12-18 16:05:13.380300,766.490146,30.9886779
2020-12-18 16:05:13.929331,766.522939,30.9900041
2020-12-18 16:05:14.471362,766.544826,30.9936881
2020-12-18 16:05:15.009393,766.573713,30.9900038
2020-12-18 16:05:15.549424,766.602674,30.9881594
2020-12-18 16:05:16.095455,766.622203,30.9899274
2020-12-18 16:05:16.652487,766.65144,30.9950113
2020-12-18 16:05:17.189517,766.67878,30.9947166
2020-12-18 16:05:17.740549,766.703835,30.9925062
2020-12-18 16:05:18.290580,766.730291,30.9948654
2020-12-18 16:05:18.837612,766.759018,30.990077
2020-12-18 16:05:19.398644,766.783484,30.9903717
2020-12-18 16:05:19.972677,766.814067,30.994424
2020-12-18 16:05:20.511707,766.837059,30.9925084
2020-12-18 16:05:21.071739,766.86123,30.9978245
2020-12-18 16:05:21.627771,766.891592,30.9954043
2020-12-18 16:05:22.197804,766.920184,30.9995303
2020-12-18 16:05:22.743835,766.946271,30.9987935
2020-12-18 16:05:23.286866,766.97538,30.9993093
2020-12-18 16:05:23.843898,766.999478,30.9993829
2020-12-18 16:05:24.392929,767.024386,30.9969515
2020-12-18 16:05:24.941961,767.052979,30.9984988
2020-12-18 16:05:25.497993,767.079918,31.0032142
2020-12-18 16:05:26.040024,767.107185,31.0012986
2020-12-18 16:05:26.585055,767.133051,31.0009302
2020-12-18 16:05:27.132086,767.15818,31.0004145
2020-12-18 16:05:27.699119,767.186203,31.0049825
2020-12-18 16:05:28.245150,767.210005,31.0046878
2020-12-18 16:05:28.791181,767.240883,31.00373
2020-12-18 16:05:29.351213,767.266454,31.0017407
2020-12-18 16:05:29.898244,767.290478,31.0021827
2020-12-18 16:05:30.455276,767.31885,31.007635
2020-12-18 16:05:31.019308,767.3484,31.0045405
2020-12-18 16:05:31.565340,767.374414,31.0101401
2020-12-18 16:05:32.125372,767.402417,31.0091086
2020-12-18 16:05:32.677403,767.430126,31.0081438
2020-12-18 16:05:33.218434,767.453265,31.0115227
2020-12-18 16:05:33.774466,767.480679,31.0102702
2020-12-18 16:05:34.316497,767.510776,31.0072493
2020-12-18 16:05:34.860528,767.53442,31.0037128
2020-12-18 16:05:35.408559,767.561023,31.0071754
2020-12-18 16:05:35.956591,767.587847,31.0069524
2020-12-18 16:05:36.504622,767.6121,31.0071735
2020-12-18 16:05:37.077655,767.640306,31.0108574
2020-12-18 16:05:37.633687,767.671404,31.0128467
2020-12-18 16:05:38.182718,767.696312,31.0149098
2020-12-18 16:05:38.731750,767.724067,31.0137333
2020-12-18 16:05:39.284781,767.748948,31.0144707
2020-12-18 16:05:39.821812,767.780857,31.0151338
2020-12-18 16:05:40.374844,767.806723,31.0172705
2020-12-18 16:05:40.932875,767.827283,31.0117446
2020-12-18 16:05:41.498908,767.856981,31.0162401
2020-12-18 16:05:42.061940,767.887564,31.0211776
2020-12-18 16:05:42.624972,767.914241,31.0224302
2020-12-18 16:05:43.188004,767.939943,31.0191146
2020-12-18 16:05:43.734036,767.967392,31.0166832
2020-12-18 16:05:44.294068,767.993922,31.0191146
2020-12-18 16:05:44.835099,768.021851,31.0174937
2020-12-18 16:05:45.378130,768.044033,31.0177884
2020-12-18 16:05:45.935162,768.073363,31.0180831
2020-12-18 16:05:46.498194,768.105124,31.0258931
2020-12-18 16:05:47.047225,768.129738,31.0183042
2020-12-18 16:05:47.593256,768.155456,31.0244932
2020-12-18 16:05:48.141288,768.18685,31.0248616
2020-12-18 16:05:48.699320,768.212716,31.0253773
2020-12-18 16:05:49.241351,768.236666,31.0247879
2020-12-18 16:05:49.796382,768.264006,31.0253773
2020-12-18 16:05:50.344414,768.294367,31.0249211
2020-12-18 16:05:50.895445,768.320086,31.0247676
2020-12-18 16:05:51.445477,768.344405,31.0297041
2020-12-18 16:05:52.003509,768.372629,31.0321355
2020-12-18 16:05:52.570541,768.404703,31.0322092
2020-12-18 16:05:53.120573,768.42998,31.0323592
2020-12-18 16:05:53.672604,768.458057,31.0314776
2020-12-18 16:05:54.221636,768.483849,31.031625
2020-12-18 16:05:54.764667,768.514284,31.0322881
2020-12-18 16:05:55.313698,768.54133,31.0369298
2020-12-18 16:05:55.872730,768.56609,31.0300047
2020-12-18 16:05:56.423761,768.593209,31.0275011
2020-12-18 16:05:56.978793,768.62136,31.0297852
2020-12-18 16:05:57.522824,768.649068,31.0320692
2020-12-18 16:05:58.117858,768.679209,31.0334691
2020-12-18 16:05:58.709892,768.701906,31.0340586
2020-12-18 16:05:59.258924,768.728306,31.0349427
2020-12-18 16:05:59.801955,768.759331,31.0347217
2020-12-18 16:06:00.352986,768.786597,31.0347953
2020-12-18 16:06:00.902018,768.811063,31.0358268
2020-12-18 16:06:01.459049,768.844244,31.0380372
2020-12-18 16:06:02.022082,768.871879,31.0396599
2020-12-18 16:06:02.586114,768.896124,31.0341344
2020-12-18 16:06:03.144146,768.926116,31.0398077
2020-12-18 16:06:03.692177,768.952732,31.0385552
2020-12-18 16:06:04.236208,768.978598,31.0367132
2020-12-18 16:06:04.780239,769.005275,31.042238
2020-12-18 16:06:05.334271,769.031731,31.0399529
2020-12-18 16:06:05.877302,769.059936,31.0419422
2020-12-18 16:06:06.427334,769.086097,31.0424579
2020-12-18 16:06:06.990366,769.115574,31.0425316
2020-12-18 16:06:07.538397,769.141588,31.038774
2020-12-18 16:06:08.076428,769.170568,31.0444473
2020-12-18 16:06:08.621459,769.19695,31.0413528
2020-12-18 16:06:09.168490,769.224732,31.0437105
2020-12-18 16:06:09.718522,769.250598,31.0439315
2020-12-18 16:06:10.276554,769.279779,31.0455525
2020-12-18 16:06:10.840586,769.307782,31.0460682
2020-12-18 16:06:11.392618,769.335049,31.049089
2020-12-18 16:06:11.933649,769.360252,31.0457735
2020-12-18 16:06:12.487680,769.389158,31.0479102
2020-12-18 16:06:13.045712,769.41554,31.0473207
2020-12-18 16:06:13.614745,769.442807,31.0512273
2020-12-18 16:06:14.157776,769.473242,31.049828
2020-12-18 16:06:14.709807,769.500489,31.0487228
2020-12-18 16:06:15.258839,769.525176,31.0490912
2020-12-18 16:06:15.807870,769.55399,31.0483544
2020-12-18 16:06:16.365902,769.581993,31.0537249
2020-12-18 16:06:16.933935,769.611121,31.0529759
2020-12-18 16:06:17.477966,769.634555,31.0540811
2020-12-18 16:06:18.030997,769.668159,31.0527549
2020-12-18 16:06:18.579029,769.689014,31.0520181
2020-12-18 16:06:19.131060,769.720683,31.0537121
2020-12-18 16:06:19.700093,769.747581,31.0512783
2020-12-18 16:06:20.236123,769.7761,31.0548149
2020-12-18 16:06:20.791155,769.802555,31.0576883
2020-12-18 16:06:21.331186,769.831148,31.0585725
2020-12-18 16:06:21.880218,769.855172,31.0573936
2020-12-18 16:06:22.421248,769.882586,31.0585006
2020-12-18 16:06:22.967280,769.909778,31.0536382
2020-12-18 16:06:23.518311,769.943843,31.0574695
2020-12-18 16:06:24.079343,769.969709,31.0606377
2020-12-18 16:06:24.625375,769.997639,31.0580589
2020-12-18 16:06:25.175406,770.025347,31.058501
2020-12-18 16:06:25.728438,770.052275,31.0664583
2020-12-18 16:06:26.284469,770.081078,31.0617429
2020-12-18 16:06:26.849502,770.105839,31.06469
2020-12-18 16:06:27.388533,770.131852,31.0656478
2020-12-18 16:06:27.953565,770.164194,31.0623316
2020-12-18 16:06:28.504596,770.191037,31.0653509
2020-12-18 16:06:29.055628,770.219408,31.065793
2020-12-18 16:06:29.623660,770.246159,31.0650562
2020-12-18 16:06:30.189693,770.272519,31.0667508
2020-12-18 16:06:30.730724,770.304837,31.0674896
2020-12-18 16:06:31.285755,770.332767,31.0664764
2020-12-18 16:06:31.844787,770.358928,31.0669922
2020-12-18 16:06:32.381818,770.387815,31.0714866
2020-12-18 16:06:32.938850,770.416039,31.0727391
2020-12-18 16:06:33.493882,770.445222,31.0737706
2020-12-18 16:06:34.042913,770.472341,31.0735511
2020-12-18 16:06:34.590945,770.497827,31.0681732
2020-12-18 16:06:35.135976,770.528071,31.0731834
2020-12-18 16:06:35.692008,770.556074,31.0753201
2020-12-18 16:06:36.256040,770.585036,31.0669944
2020-12-18 16:06:36.801071,770.617092,31.0707621
2020-12-18 16:06:37.341102,770.638831,31.0732773
2020-12-18 16:06:37.878133,770.668456,31.0762982
2020-12-18 16:06:38.432164,770.695206,31.0745299
2020-12-18 16:06:38.991196,770.723136,31.0746772
2020-12-18 16:06:39.555228,770.754308,31.0755621
2020-12-18 16:06:40.103260,770.781795,31.0744584
2020-12-18 16:06:40.640291,770.811567,31.073869
2020-12-18 16:06:41.198322,770.835296,31.0739426
2020-12-18 16:06:41.740353,770.863088,31.0746058
2020-12-18 16:06:42.298385,770.895144,31.080058
2020-12-18 16:06:42.853417,770.921747,31.0766688
2020-12-18 16:06:43.406449,770.95093,31.0799843
2020-12-18 16:06:43.965481,770.983005,31.0779213
2020-12-18 16:06:44.514512,771.00445,31.0765951
2020-12-18 16:06:45.074544,771.033558,31.082342
2020-12-18 16:06:45.610575,771.063183,31.0835933
2020-12-18 16:06:46.163606,771.092679,31.0822662
2020-12-18 16:06:46.707638,771.12024,31.0784349
2020-12-18 16:06:47.280670,771.148243,31.0858028
2020-12-18 16:06:47.819701,771.177204,31.08094
2020-12-18 16:06:48.375733,771.204452,31.0825621
2020-12-18 16:06:48.928765,771.231865,31.0837428
2020-12-18 16:06:49.478796,771.26009,31.087132
2020-12-18 16:06:50.026827,771.287061,31.085069
2020-12-18 16:06:50.598860,771.316759,31.0908159
2020-12-18 16:06:51.170893,771.346899,31.0899318
2020-12-18 16:06:51.722924,771.375861,31.0841848
2020-12-18 16:06:52.270956,771.402611,31.0887529
2020-12-18 16:06:52.824987,771.436529,31.0890476
2020-12-18 16:06:53.372019,771.457089,31.0866899
2020-12-18 16:06:53.916050,771.489808,31.0900791
2020-12-18 16:06:54.462081,771.516412,31.0869708
2020-12-18 16:06:55.004112,771.547887,31.0883672
2020-12-18 16:06:55.562144,771.572722,31.090725
2020-12-18 16:06:56.108175,771.602199,31.0942615
2020-12-18 16:06:56.653206,771.62917,31.0938195
2020-12-18 16:06:57.207238,771.659256,31.093009
2020-12-18 16:06:57.755269,771.687996,31.0913881
2020-12-18 16:06:58.306301,771.717178,31.0940405
2020-12-18 16:06:58.856332,771.743929,31.0933037
2020-12-18 16:06:59.406364,771.771564,31.0988296
2020-12-18 16:06:59.948395,771.797135,31.1007459
2020-12-18 16:07:00.501427,771.832286,31.0966951
2020-12-18 16:07:01.060458,771.856531,31.0968425
2020-12-18 16:07:01.612490,771.884647,31.0988318
2020-12-18 16:07:02.175522,771.913191,31.0990529
2020-12-18 16:07:02.723554,771.939499,31.0982424
2020-12-18 16:07:03.277585,771.970672,31.1004528
2020-12-18 16:07:03.832617,772.00189,31.1008948
2020-12-18 16:07:04.392649,772.028917,31.1012632
2020-12-18 16:07:04.940680,772.059205,31.0983161
2020-12-18 16:07:05.480711,772.088018,31.0975793
2020-12-18 16:07:06.040743,772.116265,31.1018527
2020-12-18 16:07:06.606776,772.14329,31.104063
2020-12-18 16:07:07.159807,772.173356,31.1017053
2020-12-18 16:07:07.726840,772.204823,31.1053156
2020-12-18 16:07:08.271871,772.234522,31.1074522
2020-12-18 16:07:08.825903,772.2627,31.1066418
2020-12-18 16:07:09.384935,772.291367,31.1060523
2020-12-18 16:07:09.929966,772.321876,31.1023684
2020-12-18 16:07:10.487998,772.348184,31.1084838
2020-12-18 16:07:11.027029,772.376482,31.1112099
2020-12-18 16:07:11.571060,772.403159,31.1084094
2020-12-18 16:07:12.117091,772.430793,31.1080395
2020-12-18 16:07:12.666122,772.462629,31.1102498
2020-12-18 16:07:13.216154,772.491756,31.1099551
2020-12-18 16:07:13.787186,772.520717,31.1151127
2020-12-18 16:07:14.337218,772.5485,31.1117234
2020-12-18 16:07:14.886249,772.577977,31.1127549
2020-12-18 16:07:15.450282,772.606275,31.1126076
2020-12-18 16:07:15.995313,772.6387,31.1131233
2020-12-18 16:07:16.535344,772.663092,31.1134917
2020-12-18 16:07:17.093376,772.69338,31.1151127
2020-12-18 16:07:17.652408,772.722562,31.115481
2020-12-18 16:07:18.214440,772.74946,31.1135654
2020-12-18 16:07:18.774472,772.779158,31.1181335
2020-12-18 16:07:19.321503,772.806572,31.1145969
2020-12-18 16:07:19.886535,772.835845,31.1162178
2020-12-18 16:07:20.434567,772.864659,31.1161431
2020-12-18 16:07:20.983598,772.894062,31.1213732
2020-12-18 16:07:21.541630,772.925455,31.1166577
2020-12-18 16:07:22.101662,772.951109,31.1180576
2020-12-18 16:07:22.666694,772.980365,31.1238782
2020-12-18 16:07:23.221726,773.013527,31.1206303
2020-12-18 16:07:23.792759,773.044109,31.1250368
2020-12-18 16:07:24.336790,773.068955,31.1215739
2020-12-18 16:07:24.902822,773.100496,31.122679
2020-12-18 16:07:25.458854,773.131005,31.1262893
2020-12-18 16:07:26.006885,773.159081,31.1244456
2020-12-18 16:07:26.554917,773.186947,31.1251668
2020-12-18 16:07:27.098948,773.217308,31.1261983
2020-12-18 16:07:27.641979,773.24568,31.1284087
2020-12-18 16:07:28.196011,773.275452,31.1250195
2020-12-18 16:07:28.747042,773.300158,31.1245774
2020-12-18 16:07:29.298074,773.33273,31.1309116
2020-12-18 16:07:29.858106,773.36346,31.1272268
2020-12-18 16:07:30.399137,773.395516,31.1291424
2020-12-18 16:07:30.938167,773.417984,31.1306897
2020-12-18 16:07:31.477198,773.448199,31.1301739
2020-12-18 16:07:32.040230,773.472886,31.134742
2020-12-18 16:07:32.590262,773.5031,31.1331211
2020-12-18 16:07:33.133293,773.537238,31.1301739
2020-12-18 16:07:33.693325,773.566126,31.1301003
2020-12-18 16:07:34.240356,773.589707,31.1319422
2020-12-18 16:07:34.801388,773.622501,31.1338633
2020-12-18 16:07:35.343419,773.651057,31.1366021
2020-12-18 16:07:35.893451,773.680755,31.1321814
2020-12-18 16:07:36.437482,773.710011,31.131592
2020-12-18 16:07:36.985513,773.738162,31.1339497
2020-12-18 16:07:37.528544,773.76587,31.1335813
2020-12-18 16:07:38.074576,773.79181,31.1373389
2020-12-18 16:07:38.646608,773.824677,31.1349075
2020-12-18 16:07:39.204640,773.854007,31.1388125
2020-12-18 16:07:39.756672,773.882139,31.1385178
2020-12-18 16:07:40.318704,773.911542,31.1368232
2020-12-18 16:07:40.890737,773.939324,31.1387373
2020-12-18 16:07:41.432768,773.972412,31.1435258
2020-12-18 16:07:41.979799,773.999843,31.1339475
2020-12-18 16:07:42.530830,774.029983,31.141168
2020-12-18 16:07:43.077862,774.061671,31.1402102
2020-12-18 16:07:43.619893,774.089085,31.1403498
2020-12-18 16:07:44.187925,774.117858,31.1420327
2020-12-18 16:07:44.737957,774.147953,31.1434326
2020-12-18 16:07:45.309989,774.180083,31.1404854
2020-12-18 16:07:45.858021,774.206391,31.1440957
2020-12-18 16:07:46.406052,774.236106,31.1460885
2020-12-18 16:07:46.960084,774.266518,31.1470601
2020-12-18 16:07:47.507115,774.293342,31.1460286
2020-12-18 16:07:48.061147,774.324219,31.1437446
2020-12-18 16:07:48.623179,774.354212,31.1469128
2020-12-18 16:07:49.166210,774.383911,31.1444814
2020-12-18 16:07:49.727242,774.416188,31.1444814
2020-12-18 16:07:50.292274,774.444265,31.148018
2020-12-18 16:07:50.832305,774.473057,31.1447761
2020-12-18 16:07:51.384337,774.50299,31.1516282
2020-12-18 16:07:51.942369,774.530919,31.1510388
2020-12-18 16:07:52.492400,774.560544,31.1508919
2020-12-18 16:07:53.040432,774.588139,31.1508923
2020-12-18 16:07:53.588463,774.614493,31.1492713
2020-12-18 16:07:54.147495,774.648908,31.1541341
2020-12-18 16:07:54.707527,774.678901,31.1503765
2020-12-18 16:07:55.271559,774.708914,31.1526605
2020-12-18 16:07:55.820591,774.738148,31.1498608
2020-12-18 16:07:56.373622,774.764677,31.1503765
2020-12-18 16:07:56.921654,774.796954,31.1539868
2020-12-18 16:07:57.492686,774.829073,31.1530289
2020-12-18 16:07:58.042718,774.852893,31.1531763
2020-12-18 16:07:58.578748,774.88635,31.1559024
2020-12-18 16:07:59.146781,774.92047,31.151629
2020-12-18 16:07:59.695812,774.941444,31.1590706
2020-12-18 16:08:00.242844,774.973547,31.1586285
2020-12-18 16:08:00.791875,775.003982,31.159218
2020-12-18 16:08:01.346907,775.031469,31.1582764
2020-12-18 16:08:01.890938,775.060703,31.1596067
2020-12-18 16:08:02.438969,775.093517,31.1562912
2020-12-18 16:08:02.994001,775.117909,31.1568806
2020-12-18 16:08:03.550033,775.152029,31.1603435
2020-12-18 16:08:04.089064,775.17959,31.1639538
2020-12-18 16:08:04.649096,775.207453,31.1637327
2020-12-18 16:08:05.197127,775.237004,31.1603435
2020-12-18 16:08:05.750159,775.26427,31.1671219
2020-12-18 16:08:06.310191,775.295147,31.1678587
2020-12-18 16:08:06.851222,775.32867,31.1660168
2020-12-18 16:08:07.413254,775.354978,31.1671219
2020-12-18 16:08:07.961285,775.387992,31.1662378
2020-12-18 16:08:08.519317,775.414816,31.1684482
2020-12-18 16:08:09.068348,775.445473,31.167564
2020-12-18 16:08:09.630380,775.470676,31.16528
2020-12-18 16:08:10.174412,775.506859,31.161375
2020-12-18 16:08:10.715443,775.532651,31.1702901
2020-12-18 16:08:11.254473,775.561907,31.1674167
2020-12-18 16:08:11.797504,775.590794,31.1708059
2020-12-18 16:08:12.359537,775.616882,31.1715427
2020-12-18 16:08:12.900568,775.65078,31.1699236
2020-12-18 16:08:13.456599,775.677389,31.1747876
2020-12-18 16:08:14.000630,775.710845,31.1708826
2020-12-18 16:08:14.555662,775.737817,31.1724298
2020-12-18 16:08:15.101693,775.767515,31.1791346
2020-12-18 16:08:15.664726,775.794929,31.1756648
2020-12-18 16:08:16.210757,775.824111,31.1688022
2020-12-18 16:08:16.767789,775.859778,31.1700548
2020-12-18 16:08:17.309820,775.887634,31.175507
2020-12-18 16:08:17.851851,775.916448,31.1735177
2020-12-18 16:08:18.415883,775.943051,31.1722651
2020-12-18 16:08:18.960914,775.975254,31.1753597
2020-12-18 16:08:19.509946,776.003331,31.1786015
2020-12-18 16:08:20.065977,776.033951,31.1786752
2020-12-18 16:08:20.620009,776.063723,31.1787489
2020-12-18 16:08:21.158040,776.092094,31.1790436
2020-12-18 16:08:21.718072,776.119803,31.1807382
2020-12-18 16:08:22.257103,776.152575,31.1823591
2020-12-18 16:08:22.808134,776.183379,31.1785278
2020-12-18 16:08:23.386167,776.20755,31.1854536
2020-12-18 16:08:23.929198,776.241227,31.1828012
2020-12-18 16:08:24.506231,776.271239,31.1826674
2020-12-18 16:08:25.063263,776.303443,31.1819396
2020-12-18 16:08:25.629296,776.332551,31.1852552
2020-12-18 16:08:26.191328,776.361807,31.1876129
2020-12-18 16:08:26.756360,776.392924,31.1895285
2020-12-18 16:08:27.306391,776.422548,31.1856232
2020-12-18 16:08:27.853423,776.456889,31.1824546
2020-12-18 16:08:28.415455,776.480102,31.1851807
2020-12-18 16:08:28.962486,776.515748,31.1905592
2020-12-18 16:08:29.516518,776.54294,31.191075
2020-12-18 16:08:30.072550,776.572712,31.1959378
2020-12-18 16:08:30.623581,776.601379,31.1897488
2020-12-18 16:08:31.176613,776.633237,31.1906329
2020-12-18 16:08:31.721644,776.662536,31.1928433
2020-12-18 16:08:32.274676,776.694151,31.1986639
2020-12-18 16:08:32.821707,776.719722,31.1998428
2020-12-18 16:08:33.380739,776.747873,31.1968219
2020-12-18 16:08:33.932770,776.779266,31.1961588
2020-12-18 16:08:34.481802,776.810659,31.1994744
2020-12-18 16:08:35.026833,776.839251,31.1943168
2020-12-18 16:08:35.598866,776.872266,31.1962325
2020-12-18 16:08:36.155898,776.90388,31.1978425
2020-12-18 16:08:36.714930,776.935494,31.1951828
2020-12-18 16:08:37.265961,776.960476,31.1961406
2020-12-18 16:08:37.821993,776.995554,31.1948881
2020-12-18 16:08:38.371024,777.021272,31.1986457
2020-12-18 16:08:38.927056,777.050897,31.2021086
2020-12-18 16:08:39.479088,777.083322,31.2042453
2020-12-18 16:08:40.044120,777.111693,31.1997509
2020-12-18 16:08:40.587151,777.142423,31.2002666
2020-12-18 16:08:41.147183,777.170942,31.202698
2020-12-18 16:08:41.701215,777.202925,31.2054246
2020-12-18 16:08:42.241246,777.231048,31.2080051
2020-12-18 16:08:42.785277,777.256591,31.2056474
2020-12-18 16:08:43.334308,777.289458,31.2078578
2020-12-18 16:08:43.896340,777.32122,31.2069736
2020-12-18 16:08:44.447372,777.350107,31.2064579
2020-12-18 16:08:44.989403,777.379142,31.2069156
2020-12-18 16:08:45.550435,777.406409,31.2095719
2020-12-18 16:08:46.121468,777.440307,31.2080247
2020-12-18 16:08:46.665499,777.469762,31.2090562
2020-12-18 16:08:47.233531,777.498006,31.2115613
2020-12-18 16:08:47.781563,777.530505,31.2130963
2020-12-18 16:08:48.323594,777.558803,31.212425
2020-12-18 16:08:48.869625,777.589403,31.2096252
2020-12-18 16:08:49.418656,777.616813,31.2161826
2020-12-18 16:08:49.975688,777.649385,31.214488
2020-12-18 16:08:50.523719,777.676136,31.214636
2020-12-18 16:08:51.071751,777.704464,31.2186899
2020-12-18 16:08:51.612782,777.74276,31.2173637
2020-12-18 16:08:52.196815,777.768258,31.2146376
2020-12-18 16:08:52.747847,777.801862,31.2148586
2020-12-18 16:08:53.296878,777.825738,31.2189846
2020-12-18 16:08:53.857910,777.859262,31.2158164
2020-12-18 16:08:54.404941,777.890066,31.2164796
2020-12-18 16:08:54.945972,777.916816,31.2209003
2020-12-18 16:08:55.494004,777.945556,31.2175847
2020-12-18 16:08:56.043035,777.97609,31.2203109
2020-12-18 16:08:56.584066,778.007851,31.2186162
2020-12-18 16:08:57.130097,778.033791,31.2203845
2020-12-18 16:08:57.693130,778.066068,31.2215634
2020-12-18 16:08:58.257162,778.100348,31.2221528
2020-12-18 16:08:58.811193,778.131004,31.2213424
2020-12-18 16:08:59.361225,778.15746,31.223414
2020-12-18 16:08:59.922257,778.189516,31.2218018
2020-12-18 16:09:00.476289,778.21798,31.2260015
2020-12-18 16:09:01.017320,778.249741,31.2252647
2020-12-18 16:09:01.559351,778.280913,31.2247489
2020-12-18 16:09:02.130383,778.309432,31.2262286
2020-12-18 16:09:02.671414,778.339863,31.2251377
2020-12-18 16:09:03.211445,778.367351,31.2299269
2020-12-18 16:09:03.760477,778.401249,31.2312531
2020-12-18 16:09:04.316508,778.4252,31.2330951
2020-12-18 16:09:04.874540,778.460885,31.2311057
2020-12-18 16:09:05.446573,778.490583,31.2325036
2020-12-18 16:09:05.988604,778.517702,31.2272722
2020-12-18 16:09:06.533635,778.548211,31.2285248
2020-12-18 16:09:07.075666,778.582405,31.2319877
2020-12-18 16:09:07.622697,778.608271,31.2271249
2020-12-18 16:09:08.174729,778.633547,31.2352277
2020-12-18 16:09:08.743762,778.669067,31.2369211
2020-12-18 16:09:09.306794,778.700794,31.2394999
2020-12-18 16:09:09.860825,778.728429,31.2358896
2020-12-18 16:09:10.410857,778.760412,31.2390578
2020-12-18 16:09:10.962888,778.785983,31.2354493
2020-12-18 16:09:11.532921,778.819531,31.2355256
2020-12-18 16:09:12.095953,778.854978,31.2380307
2020-12-18 16:09:12.650985,778.88276,31.2423041
2020-12-18 16:09:13.194016,778.912458,31.2389149
2020-12-18 16:09:13.732047,778.940332,31.2410475
2020-12-18 16:09:14.275078,778.969588,31.2393365
2020-12-18 16:09:14.823109,778.999581,31.2365367
2020-12-18 16:09:15.387142,779.026332,31.2411048
2020-12-18 16:09:15.937173,779.062675,31.2428731
2020-12-18 16:09:16.486204,779.090825,31.244052
2020-12-18 16:09:17.035236,779.12384,31.2452308
2020-12-18 16:09:17.578267,779.150885,31.2444204
2020-12-18 16:09:18.120298,779.183752,31.2436099
2020-12-18 16:09:18.687330,779.214703,31.2469255
2020-12-18 16:09:19.257363,779.241085,31.2482517
2020-12-18 16:09:19.804394,779.269383,31.2487674
2020-12-18 16:09:20.352426,779.30409,31.2469991
2020-12-18 16:09:20.924458,779.331798,31.2490621
2020-12-18 16:09:21.478490,779.363486,31.2557669
2020-12-18 16:09:22.037522,779.393848,31.2508304
2020-12-18 16:09:22.596554,779.421501,31.2494296
2020-12-18 16:09:23.164586,779.45341,31.2484705
2020-12-18 16:09:23.713618,779.484066,31.2525228
2020-12-18 16:09:24.259649,779.514943,31.2538491
2020-12-18 16:09:24.832682,779.545031,31.2541438
2020-12-18 16:09:25.388714,779.570824,31.253407
2020-12-18 16:09:25.933745,779.604501,31.2506072
2020-12-18 16:09:26.488777,779.632873,31.2543648
2020-12-18 16:09:27.047808,779.665371,31.2551016
2020-12-18 16:09:27.603840,779.691606,31.2542175
2020-12-18 16:09:28.142871,779.725726,31.2537017
2020-12-18 16:09:28.700903,779.754318,31.2571646
2020-12-18 16:09:29.254935,779.7842,31.2539227
2020-12-18 16:09:29.802966,779.81552,31.2568699
2020-12-18 16:09:30.352998,779.845881,31.2570172
2020-12-18 16:09:30.925030,779.874327,31.2570172
2020-12-18 16:09:31.482062,779.905554,31.2601136
2020-12-18 16:09:32.041094,779.940116,31.26122
2020-12-18 16:09:32.605126,779.969814,31.2609989
2020-12-18 16:09:33.152158,779.99767,31.2626935
2020-12-18 16:09:33.715190,780.031952,31.2615884
2020-12-18 16:09:34.261221,780.056934,31.2607852
2020-12-18 16:09:34.804252,780.089875,31.2643327
2020-12-18 16:09:35.361284,780.116773,31.26588
2020-12-18 16:09:35.903315,780.149806,31.2655852
2020-12-18 16:09:36.462347,780.177648,31.2646274
2020-12-18 16:09:37.021379,780.207788,31.267346
2020-12-18 16:09:37.570410,780.237339,31.2692314
2020-12-18 16:09:38.122442,780.268762,31.2699682
2020-12-18 16:09:38.681474,780.297638,31.2703365
2020-12-18 16:09:39.222505,780.324904,31.2697471
2020-12-18 16:09:39.777537,780.360572,31.2705576
2020-12-18 16:09:40.330568,780.38512,31.2664291
2020-12-18 16:09:40.871599,780.420707,31.2753437
2020-12-18 16:09:41.420631,780.450405,31.2715861
2020-12-18 16:09:41.976662,780.47723,31.2716597
2020-12-18 16:09:42.535694,780.51017,31.2780698
2020-12-18 16:09:43.082726,780.539205,31.2783645
2020-12-18 16:09:43.643758,780.568682,31.2718071
2020-12-18 16:09:44.184789,780.60376,31.2718071
2020-12-18 16:09:44.746821,780.629992,31.2753437
2020-12-18 16:09:45.287852,780.659909,31.2744595
2020-12-18 16:09:45.834883,780.687322,31.2768903
2020-12-18 16:09:46.394915,780.721,31.2839619
2020-12-18 16:09:46.942946,780.74784,31.276373
2020-12-18 16:09:47.489978,780.773105,31.2773308
2020-12-18 16:09:48.044009,780.809952,31.2785097
2020-12-18 16:09:48.595041,780.84105,31.2805689
2020-12-18 16:09:49.134072,780.867332,31.2816438
2020-12-18 16:09:49.677103,780.90201,31.28164
2020-12-18 16:09:50.212133,780.926475,31.285545
2020-12-18 16:09:50.765165,780.956984,31.2859134
2020-12-18 16:09:51.305196,780.988009,31.2872396
2020-12-18 16:09:51.859228,781.01761,31.2913656
2020-12-18 16:09:52.416259,781.048267,31.2859134
2020-12-18 16:09:52.965291,781.077523,31.2856187
2020-12-18 16:09:53.524323,781.10781,31.2856923
2020-12-18 16:09:54.073354,781.138614,31.285545
2020-12-18 16:09:54.623386,781.166691,31.2831115
2020-12-18 16:09:55.193418,781.199115,31.2855397
2020-12-18 16:09:55.748450,781.231688,31.2905499
2020-12-18 16:09:56.300482,781.257038,31.287308
2020-12-18 16:09:56.847513,781.291379,31.2883395
2020-12-18 16:09:57.403545,781.322035,31.2890768
2020-12-18 16:09:57.958576,781.349522,31.2882681
2020-12-18 16:09:58.506608,781.37996,31.291952
2020-12-18 16:09:59.055639,781.411795,31.2948255
2020-12-18 16:09:59.604671,781.439135,31.2946044
2020-12-18 16:10:00.154702,781.470823,31.2876049
2020-12-18 16:10:00.709734,781.502787,31.293884
2020-12-18 16:10:01.247765,781.529832,31.2907936
2020-12-18 16:10:01.797796,781.561962,31.2915304
2020-12-18 16:10:02.346827,781.590408,31.2956564
2020-12-18 16:10:02.896859,781.620617,31.2949196
2020-12-18 16:10:03.465891,781.650684,31.299183
2020-12-18 16:10:04.034924,781.684288,31.2970397
2020-12-18 16:10:04.580955,781.711554,31.2943872
2020-12-18 16:10:05.120986,781.742229,31.2991764
2020-12-18 16:10:05.663017,781.772,31.2963029
2020-12-18 16:10:06.213049,781.800667,31.2956466
2020-12-18 16:10:06.778081,781.82926,31.2997884
2020-12-18 16:10:07.325112,781.860284,31.2993464
2020-12-18 16:10:07.898145,781.893962,31.2983149
2020-12-18 16:10:08.464177,781.92565,31.3008199
2020-12-18 16:10:09.029210,781.954979,31.3011147
2020-12-18 16:10:09.566240,781.987349,31.302883
2020-12-18 16:10:10.105271,782.017047,31.3055354
2020-12-18 16:10:10.648302,782.043871,31.3022198
2020-12-18 16:10:11.203334,782.073201,31.298978
2020-12-18 16:10:11.802368,782.108495,31.3084089
2020-12-18 16:10:12.356400,782.13672,31.3041373
2020-12-18 16:10:12.895431,782.16966,31.3014853
2020-12-18 16:10:13.433462,782.203043,31.3022957
2020-12-18 16:10:13.982493,782.226496,31.3013379
2020-12-18 16:10:14.530524,782.25671,31.3069375
2020-12-18 16:10:15.074555,782.285229,31.3104004
2020-12-18 16:10:15.645588,782.319717,31.3085584
2020-12-18 16:10:16.195620,782.348826,31.3062007
2020-12-18 16:10:16.740651,782.377124,31.3064954
2020-12-18 16:10:17.294682,782.413233,31.3092215
2020-12-18 16:10:17.844714,782.438583,31.3073059
2020-12-18 16:10:18.385745,782.466678,31.3087795
2020-12-18 16:10:18.949777,782.503377,31.3071585
2020-12-18 16:10:19.494808,782.52858,31.3134212
2020-12-18 16:10:20.037839,782.558278,31.3146001
2020-12-18 16:10:20.604872,782.588029,31.3133473
2020-12-18 16:10:21.142903,782.621213,31.3101037
2020-12-18 16:10:21.685934,782.646269,31.3122402
2020-12-18 16:10:22.248966,782.678693,31.3109139
2020-12-18 16:10:22.788997,782.704736,31.3179871
2020-12-18 16:10:23.341028,782.737813,31.3131243
2020-12-18 16:10:23.882059,782.767216,31.3107666
2020-12-18 16:10:24.436091,782.798241,31.3125349
2020-12-18 16:10:24.995123,782.829592,31.3143768
2020-12-18 16:10:25.554155,782.859096,31.3184292
2020-12-18 16:10:26.097186,782.889678,31.3156294
2020-12-18 16:10:26.647217,782.916871,31.3155627
2020-12-18 16:10:27.244252,782.948705,31.320657
2020-12-18 16:10:27.785282,782.980264,31.319036
2020-12-18 16:10:28.332314,783.01372,31.3182256
2020-12-18 16:10:28.884345,783.042829,31.3224989
2020-12-18 16:10:29.427376,783.072085,31.3199206
2020-12-18 16:10:29.973408,783.100899,31.3242694
2020-12-18 16:10:30.537440,783.134871,31.3208065
2020-12-18 16:10:31.089471,783.162948,31.3208065
2020-12-18 16:10:31.637503,783.193678,31.3224275
2020-12-18 16:10:32.185534,783.218586,31.3260377
2020-12-18 16:10:32.726565,783.252558,31.3265535
2020-12-18 16:10:33.271596,783.284394,31.3260377
2020-12-18 16:10:33.820628,783.310269,31.3238273
2020-12-18 16:10:34.369659,783.338945,31.3233116
2020-12-18 16:10:34.912690,783.370928,31.3284691
2020-12-18 16:10:35.489723,783.405858,31.3292059
