Date_Time,RTD,Vsamp1(R1718),Vsamp2(R1516)
2020-02-27 11:15:47.531355,1100.68312,0.00195146,0.0019455
2020-02-27 11:15:48.102387,1100.68688,0.00195146,0.0019455
2020-02-27 11:15:48.689421,1100.6843,0.00195146,0.0019455
2020-02-27 11:15:49.262454,1100.68733,0.00195146,0.00194526
2020-02-27 11:15:49.820486,1100.68195,0.00195146,0.00194526
2020-02-27 11:15:50.373517,1100.68379,0.00195146,0.00194526
2020-02-27 11:15:50.924549,1100.68047,0.00195146,0.00194526
2020-02-27 11:15:51.490581,1100.68021,0.00195146,0.00194526
2020-02-27 11:15:52.048613,1100.67726,0.00195146,0.00194526
2020-02-27 11:15:52.597644,1100.67874,0.00195146,0.00194526
2020-02-27 11:15:53.153676,1100.67822,0.00195146,0.00194526
2020-02-27 11:15:53.702708,1100.67319,0.00195146,0.00194526
2020-02-27 11:15:54.257739,1100.67466,0.00195146,0.00194526
2020-02-27 11:15:54.826772,1100.67252,0.00195146,0.00194526
2020-02-27 11:15:55.380804,1100.67311,0.00195146,0.00194526
2020-02-27 11:15:55.929835,1100.67359,0.00195146,0.00194526
2020-02-27 11:15:56.486867,1100.67234,0.00195146,0.00194526
2020-02-27 11:15:57.057900,1100.67264,0.00195146,0.00194526
2020-02-27 11:15:57.614931,1100.67352,0.00195146,0.00194526
2020-02-27 11:15:58.163963,1100.66655,0.00195146,0.00194526
2020-02-27 11:15:58.735996,1100.6698,0.00195146,0.00194526
2020-02-27 11:15:59.309028,1100.66626,0.00195146,0.00194526
2020-02-27 11:15:59.868060,1100.66427,0.00195146,0.00194526
2020-02-27 11:16:00.424092,1100.66861,0.00195146,0.00194526
2020-02-27 11:16:01.000125,1100.66323,0.00195146,0.00194526
2020-02-27 11:16:01.572158,1100.6653,0.00195146,0.00194526
2020-02-27 11:16:02.130190,1100.66839,0.00195146,0.00194526
2020-02-27 11:16:02.677221,1100.66106,0.00195146,0.00194526
2020-02-27 11:16:03.226252,1100.66526,0.00195146,0.00194526
2020-02-27 11:16:03.772284,1100.66195,0.00195146,0.00194526
2020-02-27 11:16:04.320315,1100.66128,0.00195146,0.00194526
2020-02-27 11:16:04.875347,1100.66273,0.00195146,0.00194526
2020-02-27 11:16:05.425378,1100.66008,0.00195146,0.00194526
2020-02-27 11:16:05.997411,1100.65963,0.00195146,0.00194526
2020-02-27 11:16:06.548442,1100.65875,0.00195146,0.00194526
2020-02-27 11:16:07.096474,1100.65678,0.00195146,0.00194526
2020-02-27 11:16:07.657506,1100.65032,0.00195146,0.00194526
2020-02-27 11:16:08.226538,1100.65894,0.00195146,0.00194526
2020-02-27 11:16:08.793571,1100.65658,0.00195146,0.00194526
2020-02-27 11:16:09.345602,1100.65019,0.00195146,0.00194526
2020-02-27 11:16:09.930636,1100.64873,0.00195146,0.00194526
2020-02-27 11:16:10.501668,1100.64881,0.00195146,0.00194526
2020-02-27 11:16:11.055700,1100.64954,0.00195146,0.00194526
2020-02-27 11:16:11.610732,1100.65382,0.00195146,0.00194526
2020-02-27 11:16:12.183765,1100.64958,0.00195146,0.00194526
2020-02-27 11:16:12.761798,1100.64995,0.00195146,0.00194526
2020-02-27 11:16:13.320830,1100.64833,0.00195146,0.00194526
2020-02-27 11:16:13.870861,1100.64517,0.00195146,0.00194526
2020-02-27 11:16:14.441894,1100.65234,0.00195146,0.00194526
2020-02-27 11:16:15.014927,1100.64578,0.00195146,0.00194526
2020-02-27 11:16:15.567958,1100.64851,0.00195146,0.00194526
2020-02-27 11:16:16.121990,1100.64659,0.00195146,0.00194526
2020-02-27 11:16:16.682022,1100.64635,0.00195146,0.00194526
2020-02-27 11:16:17.242054,1100.64731,0.00195146,0.00194526
2020-02-27 11:16:17.798086,1100.6493,0.00195146,0.00194526
2020-02-27 11:16:18.362118,1100.64863,0.00195146,0.00194526
2020-02-27 11:16:18.923150,1100.64781,0.00195146,0.00194526
2020-02-27 11:16:19.523184,1100.65113,0.00195146,0.00194526
2020-02-27 11:16:20.074216,1100.65054,0.00195146,0.00194526
2020-02-27 11:16:20.630248,1100.64873,0.00195146,0.00194526
2020-02-27 11:16:21.230282,1100.64787,0.00195146,0.00194526
2020-02-27 11:16:21.776313,1100.65163,0.00195146,0.00194526
2020-02-27 11:16:22.323345,1100.64993,0.00195146,0.00194526
2020-02-27 11:16:22.881377,1100.64623,0.00195146,0.00194526
2020-02-27 11:16:23.433408,1100.64893,0.00195146,0.00194526
2020-02-27 11:16:23.988440,1100.65026,0.00195146,0.00194526
2020-02-27 11:16:24.560473,1100.65461,0.00195146,0.00194526
2020-02-27 11:16:25.132505,1100.6497,0.00195146,0.00194526
2020-02-27 11:16:25.686537,1100.65043,0.00195146,0.00194526
2020-02-27 11:16:26.234568,1100.65169,0.00195146,0.00194526
2020-02-27 11:16:26.793600,1100.64881,0.00195146,0.00194526
2020-02-27 11:16:27.364633,1100.64962,0.00195123,0.00194526
2020-02-27 11:16:27.937666,1100.65371,0.00195123,0.00194526
2020-02-27 11:16:28.503698,1100.65254,0.00195123,0.00194526
2020-02-27 11:16:29.054730,1100.64524,0.00195146,0.00194526
2020-02-27 11:16:29.608761,1100.65055,0.00195146,0.00194526
2020-02-27 11:16:30.161793,1100.649,0.00195146,0.00194526
2020-02-27 11:16:30.719825,1100.64634,0.00195146,0.00194526
2020-02-27 11:16:31.279857,1100.65187,0.00195146,0.00194526
2020-02-27 11:16:31.834889,1100.65121,0.00195146,0.00194526
2020-02-27 11:16:32.405921,1100.64848,0.00195146,0.00194526
2020-02-27 11:16:32.959953,1100.64944,0.00195146,0.00194526
2020-02-27 11:16:33.531986,1100.64708,0.00195123,0.00194526
2020-02-27 11:16:34.089018,1100.6456,0.00195146,0.00194526
2020-02-27 11:16:34.638049,1100.64715,0.00195146,0.00194526
2020-02-27 11:16:35.205081,1100.6484,0.00195146,0.00194526
2020-02-27 11:16:35.768114,1100.64737,0.00195146,0.00194526
2020-02-27 11:16:36.332146,1100.6484,0.00195146,0.00194526
2020-02-27 11:16:36.892178,1100.65194,0.00195146,0.00194526
2020-02-27 11:16:37.451210,1100.64944,0.00195146,0.00194526
2020-02-27 11:16:38.015242,1100.6484,0.00195146,0.00194526
2020-02-27 11:16:38.575274,1100.64509,0.00195146,0.00194526
2020-02-27 11:16:39.133306,1100.64181,0.00195146,0.00194526
2020-02-27 11:16:39.698338,1100.64343,0.00195146,0.00194526
2020-02-27 11:16:40.258370,1100.64144,0.00195146,0.00194526
2020-02-27 11:16:40.814402,1100.64851,0.00195146,0.00194526
2020-02-27 11:16:41.382435,1100.65583,0.00195146,0.00194526
2020-02-27 11:16:41.937467,1100.65922,0.00195146,0.00194526
2020-02-27 11:16:42.494498,1100.6713,0.00195146,0.00194526
2020-02-27 11:16:43.048530,1100.68118,0.00195146,0.00194526
2020-02-27 11:16:43.621563,1100.70075,0.00195146,0.00194526
2020-02-27 11:16:44.171594,1100.71128,0.00195146,0.00194526
2020-02-27 11:16:44.743627,1100.73634,0.00195146,0.0019455
2020-02-27 11:16:45.318660,1100.75543,0.00195146,0.0019455
2020-02-27 11:16:45.872692,1100.78298,0.00195146,0.0019455
2020-02-27 11:16:46.434724,1100.80782,0.00195146,0.0019455
2020-02-27 11:16:46.995756,1100.84076,0.00195146,0.0019455
2020-02-27 11:16:47.555788,1100.86965,0.0019517,0.0019455
2020-02-27 11:16:48.115820,1100.9028,0.0019517,0.0019455
2020-02-27 11:16:48.663851,1100.93736,0.0019517,0.0019455
2020-02-27 11:16:49.220883,1100.97893,0.0019517,0.0019455
2020-02-27 11:16:49.776915,1101.01482,0.0019517,0.0019455
2020-02-27 11:16:50.346947,1101.05844,0.0019517,0.0019455
2020-02-27 11:16:50.921980,1101.09858,0.0019517,0.0019455
2020-02-27 11:16:51.476012,1101.15695,0.0019517,0.0019455
2020-02-27 11:16:52.025043,1101.2047,0.0019517,0.0019455
2020-02-27 11:16:52.572075,1101.25565,0.0019517,0.0019455
2020-02-27 11:16:53.139107,1101.30756,0.0019517,0.00194574
2020-02-27 11:16:53.691139,1101.36689,0.0019517,0.00194574
2020-02-27 11:16:54.261171,1101.42319,0.0019517,0.00194574
2020-02-27 11:16:54.833204,1101.48365,0.00195194,0.00194574
2020-02-27 11:16:55.387236,1101.55238,0.00195194,0.00194574
2020-02-27 11:16:55.937267,1101.61554,0.00195194,0.00194598
2020-02-27 11:16:56.513300,1101.68629,0.00195218,0.00194598
2020-02-27 11:16:57.089333,1101.7614,0.00195218,0.00194598
2020-02-27 11:16:57.655366,1101.8298,0.00195218,0.00194598
2020-02-27 11:16:58.211397,1101.91087,0.00195218,0.00194598
2020-02-27 11:16:58.788430,1101.98456,0.00195218,0.00194598
2020-02-27 11:16:59.361463,1102.06048,0.00195242,0.00194622
2020-02-27 11:16:59.913495,1102.1485,0.00195242,0.00194622
2020-02-27 11:17:00.462526,1102.22979,0.00195242,0.00194646
2020-02-27 11:17:01.009557,1102.3085,0.00195266,0.0019467
2020-02-27 11:17:01.556589,1102.38861,0.00195266,0.0019467
2020-02-27 11:17:02.108620,1102.47965,0.00195266,0.0019467
2020-02-27 11:17:02.662652,1102.56557,0.00195266,0.0019467
2020-02-27 11:17:03.232685,1102.66315,0.00195266,0.0019467
2020-02-27 11:17:03.811718,1102.75919,0.00195289,0.00194693
2020-02-27 11:17:04.368749,1102.86188,0.00195314,0.00194693
2020-02-27 11:17:04.925781,1102.96719,0.00195314,0.00194717
2020-02-27 11:17:05.498814,1103.07044,0.00195338,0.00194717
2020-02-27 11:17:06.076847,1103.18141,0.00195338,0.00194717
2020-02-27 11:17:06.634879,1103.29814,0.00195338,0.00194741
2020-02-27 11:17:07.189911,1103.40448,0.00195362,0.00194765
2020-02-27 11:17:07.760944,1103.51606,0.00195362,0.00194765
2020-02-27 11:17:08.335976,1103.64074,0.00195386,0.00194765
2020-02-27 11:17:08.895008,1103.76654,0.00195386,0.00194789
2020-02-27 11:17:09.455040,1103.88696,0.00195386,0.00194789
2020-02-27 11:17:10.024073,1104.01409,0.00195409,0.00194813
2020-02-27 11:17:10.579105,1104.13237,0.00195409,0.00194836
2020-02-27 11:17:11.149137,1104.27125,0.00195433,0.00194836
2020-02-27 11:17:11.702169,1104.40338,0.00195433,0.00194836
2020-02-27 11:17:12.258201,1104.53294,0.00195433,0.00194836
2020-02-27 11:17:12.829233,1104.66765,0.00195457,0.0019486
2020-02-27 11:17:13.385265,1104.80965,0.00195481,0.00194884
2020-02-27 11:17:13.957298,1104.95284,0.00195505,0.00194884
2020-02-27 11:17:14.511330,1105.09153,0.00195505,0.00194908
2020-02-27 11:17:15.068361,1105.23332,0.00195505,0.00194908
2020-02-27 11:17:15.643394,1105.37946,0.00195529,0.00194932
2020-02-27 11:17:16.201426,1105.52405,0.00195552,0.00194956
2020-02-27 11:17:16.770459,1105.66842,0.00195552,0.00194979
2020-02-27 11:17:17.326491,1105.82701,0.00195552,0.00194979
2020-02-27 11:17:17.886523,1105.97533,0.00195576,0.00195003
2020-02-27 11:17:18.457555,1106.1253,0.001956,0.00195003
2020-02-27 11:17:19.016587,1106.27129,0.001956,0.00195027
2020-02-27 11:17:19.586620,1106.43924,0.00195624,0.00195051
2020-02-27 11:17:20.138651,1106.58571,0.00195648,0.00195051
2020-02-27 11:17:20.693683,1106.73236,0.00195672,0.00195075
2020-02-27 11:17:21.250715,1106.88196,0.00195672,0.00195075
2020-02-27 11:17:21.819748,1107.03908,0.00195695,0.00195099
2020-02-27 11:17:22.394781,1107.19661,0.00195719,0.00195099
2020-02-27 11:17:22.948812,1107.35026,0.00195719,0.00195123
2020-02-27 11:17:23.511844,1107.50708,0.00195719,0.00195146
2020-02-27 11:17:24.086877,1107.6698,0.00195743,0.0019517
2020-02-27 11:17:24.647909,1107.82162,0.00195767,0.0019517
2020-02-27 11:17:25.215942,1107.9819,0.00195767,0.00195218
2020-02-27 11:17:25.774974,1108.14639,0.00195791,0.00195218
2020-02-27 11:17:26.330006,1108.30683,0.00195815,0.00195218
2020-02-27 11:17:26.885037,1108.4586,0.00195839,0.00195242
2020-02-27 11:17:27.441069,1108.62699,0.00195839,0.00195266
2020-02-27 11:17:28.007102,1108.79207,0.00195862,0.00195266
2020-02-27 11:17:28.567134,1108.94499,0.00195886,0.00195314
2020-02-27 11:17:29.124165,1109.11972,0.00195886,0.00195338
2020-02-27 11:17:29.689198,1109.29039,0.0019591,0.00195338
2020-02-27 11:17:30.251230,1109.45613,0.00195934,0.00195362
2020-02-27 11:17:30.819262,1109.62018,0.00195934,0.00195362
2020-02-27 11:17:31.380294,1109.79137,0.00195958,0.00195386
2020-02-27 11:17:31.938326,1109.96014,0.00195982,0.00195386
2020-02-27 11:17:32.484358,1110.12293,0.00195982,0.00195409
2020-02-27 11:17:33.044390,1110.30311,0.00196005,0.00195433
2020-02-27 11:17:33.616422,1110.4701,0.00196029,0.00195433
2020-02-27 11:17:34.169454,1110.64152,0.00196053,0.00195481
2020-02-27 11:17:34.725486,1110.81478,0.00196053,0.00195505
2020-02-27 11:17:35.299519,1110.99268,0.00196077,0.00195505
2020-02-27 11:17:35.855550,1111.16589,0.00196101,0.00195529
2020-02-27 11:17:36.426583,1111.3474,0.00196101,0.00195552
2020-02-27 11:17:36.984615,1111.53842,0.00196125,0.00195552
2020-02-27 11:17:37.544647,1111.70534,0.00196148,0.00195576
2020-02-27 11:17:38.115680,1111.89598,0.00196148,0.001956
2020-02-27 11:17:38.689713,1112.07838,0.00196172,0.001956
2020-02-27 11:17:39.247744,1112.26173,0.00196196,0.00195624
2020-02-27 11:17:39.807776,1112.45356,0.0019622,0.00195648
2020-02-27 11:17:40.378809,1112.6539,0.0019622,0.00195672
2020-02-27 11:17:40.951842,1112.82988,0.00196244,0.00195695
2020-02-27 11:17:41.509874,1113.03004,0.00196268,0.00195719
2020-02-27 11:17:42.065906,1113.21642,0.00196292,0.00195719
2020-02-27 11:17:42.635938,1113.41259,0.00196315,0.00195719
2020-02-27 11:17:43.212971,1113.61083,0.00196315,0.00195767
2020-02-27 11:17:43.767003,1113.81195,0.00196339,0.00195791
2020-02-27 11:17:44.345036,1114.0096,0.00196363,0.00195815
2020-02-27 11:17:44.918069,1114.21251,0.00196387,0.00195839
2020-02-27 11:17:45.473101,1114.41105,0.00196387,0.00195839
2020-02-27 11:17:46.035133,1114.60929,0.00196435,0.00195862
2020-02-27 11:17:46.651168,1114.8404,0.00196435,0.00195886
2020-02-27 11:17:47.380210,1115.10124,0.00196482,0.0019591
2020-02-27 11:17:47.936241,1115.30044,0.00196482,0.00195934
2020-02-27 11:17:48.496273,1115.51415,0.00196506,0.00195958
2020-02-27 11:17:49.054305,1115.7107,0.0019653,0.00195982
2020-02-27 11:17:49.636339,1115.92117,0.00196554,0.00195982
2020-02-27 11:17:50.187370,1116.14675,0.00196554,0.00196005
2020-02-27 11:17:50.751402,1116.35287,0.00196601,0.00196029
2020-02-27 11:17:51.307434,1116.56585,0.00196601,0.00196053
2020-02-27 11:17:51.882467,1116.78321,0.00196625,0.00196077
2020-02-27 11:17:52.436499,1117.01166,0.00196649,0.00196101
2020-02-27 11:17:53.008532,1117.21779,0.00196673,0.00196125
2020-02-27 11:17:53.560563,1117.44145,0.00196697,0.00196148
2020-02-27 11:17:54.108594,1117.66243,0.00196721,0.00196148
2020-02-27 11:17:54.659626,1117.87468,0.00196745,0.00196172
2020-02-27 11:17:55.216658,1118.09303,0.00196768,0.0019622
2020-02-27 11:17:55.766689,1118.31331,0.00196768,0.0019622
2020-02-27 11:17:56.343722,1118.54176,0.00196816,0.00196268
2020-02-27 11:17:56.898754,1118.76108,0.00196816,0.00196268
2020-02-27 11:17:57.450786,1118.99005,0.0019684,0.00196292
2020-02-27 11:17:58.015818,1119.2258,0.00196888,0.00196315
2020-02-27 11:17:58.571850,1119.44739,0.00196888,0.00196339
2020-02-27 11:17:59.137882,1119.66929,0.00196911,0.00196363
2020-02-27 11:17:59.695914,1119.90555,0.00196935,0.00196387
2020-02-27 11:18:00.258946,1120.13349,0.00196959,0.00196411
2020-02-27 11:18:00.821978,1120.35959,0.00196983,0.00196435
2020-02-27 11:18:01.378010,1120.59998,0.00197007,0.00196458
2020-02-27 11:18:01.949043,1120.84627,0.00197031,0.00196482
2020-02-27 11:18:02.510075,1121.06964,0.00197054,0.00196482
2020-02-27 11:18:03.059106,1121.31109,0.00197078,0.0019653
2020-02-27 11:18:03.625139,1121.55989,0.00197102,0.00196554
2020-02-27 11:18:04.174170,1121.78636,0.00197126,0.00196578
2020-02-27 11:18:04.727202,1122.01614,0.0019715,0.00196601
2020-02-27 11:18:05.288234,1122.25778,0.0019715,0.00196601
2020-02-27 11:18:05.854266,1122.5096,0.00197197,0.00196649
2020-02-27 11:18:06.426299,1122.74108,0.00197221,0.00196673
2020-02-27 11:18:06.981331,1122.98774,0.00197221,0.00196697
2020-02-27 11:18:07.533362,1123.22954,0.00197269,0.00196721
2020-02-27 11:18:08.106395,1123.46726,0.00197293,0.00196745
2020-02-27 11:18:08.679428,1123.72402,0.00197317,0.00196768
2020-02-27 11:18:09.232459,1123.96847,0.00197341,0.00196792
2020-02-27 11:18:09.788491,1124.21542,0.00197364,0.00196816
2020-02-27 11:18:10.366524,1124.46952,0.00197388,0.0019684
2020-02-27 11:18:10.924556,1124.72207,0.00197412,0.00196864
2020-02-27 11:18:11.494589,1124.95746,0.00197436,0.00196888
2020-02-27 11:18:12.047621,1125.22632,0.0019746,0.00196935
2020-02-27 11:18:12.605652,1125.46112,0.00197484,0.00196935
2020-02-27 11:18:13.177685,1125.71927,0.00197507,0.00196983
2020-02-27 11:18:13.733717,1125.9576,0.00197531,0.00196983
2020-02-27 11:18:14.285749,1126.22639,0.00197555,0.00197031
2020-02-27 11:18:14.848781,1126.46779,0.00197579,0.00197054
2020-02-27 11:18:15.440815,1126.74599,0.00197603,0.00197078
2020-02-27 11:18:16.005847,1127.00024,0.0019765,0.00197102
2020-02-27 11:18:16.558879,1127.25485,0.0019765,0.00197126
2020-02-27 11:18:17.139912,1127.51507,0.00197698,0.0019715
2020-02-27 11:18:17.713945,1127.77426,0.00197698,0.00197174
2020-02-27 11:18:18.267976,1128.02954,0.00197746,0.00197197
2020-02-27 11:18:18.824008,1128.29103,0.0019777,0.00197221
2020-02-27 11:18:19.400041,1128.55155,0.00197794,0.00197269
2020-02-27 11:18:19.956073,1128.81339,0.00197817,0.00197269
2020-02-27 11:18:20.526105,1129.06211,0.00197841,0.00197317
2020-02-27 11:18:21.083137,1129.33824,0.00197865,0.00197341
2020-02-27 11:18:21.630169,1129.59036,0.00197889,0.00197364
2020-02-27 11:18:22.187200,1129.83614,0.00197937,0.00197388
2020-02-27 11:18:22.735232,1130.09974,0.00197937,0.00197412
2020-02-27 11:18:23.296264,1130.35464,0.00197984,0.00197436
2020-02-27 11:18:23.856296,1130.61528,0.00197984,0.00197484
2020-02-27 11:18:24.411328,1130.87719,0.00198032,0.00197484
2020-02-27 11:18:24.976360,1131.14647,0.00198032,0.00197531
2020-02-27 11:18:25.537392,1131.39414,0.0019808,0.00197555
2020-02-27 11:18:26.094424,1131.66342,0.00198103,0.00197579
2020-02-27 11:18:26.663456,1131.92599,0.00198127,0.00197603
2020-02-27 11:18:27.224489,1132.16734,0.00198151,0.00197627
2020-02-27 11:18:27.794521,1132.40966,0.00198175,0.0019765
2020-02-27 11:18:28.352553,1132.6564,0.00198199,0.00197674
2020-02-27 11:18:28.909585,1132.8839,0.00198223,0.00197698
2020-02-27 11:18:29.482618,1133.11456,0.0019827,0.00197722
2020-02-27 11:18:30.059651,1133.3428,0.0019827,0.00197746
2020-02-27 11:18:30.611682,1133.58223,0.00198318,0.0019777
2020-02-27 11:18:31.158714,1133.79787,0.00198318,0.00197817
2020-02-27 11:18:31.706745,1134.00915,0.00198366,0.00197817
2020-02-27 11:18:32.252776,1134.23178,0.00198366,0.00197841
2020-02-27 11:18:32.801808,1134.4466,0.0019839,0.00197865
2020-02-27 11:18:33.356839,1134.6542,0.00198437,0.00197889
2020-02-27 11:18:33.906871,1134.87492,0.00198437,0.00197913
2020-02-27 11:18:34.480904,1135.09696,0.00198485,0.00197937
2020-02-27 11:18:35.057937,1135.31592,0.00198485,0.0019796
2020-02-27 11:18:35.610968,1135.53155,0.00198533,0.00197984
2020-02-27 11:18:36.171000,1135.746,0.00198533,0.00198008
2020-02-27 11:18:36.726032,1135.95309,0.00198556,0.00198032
2020-02-27 11:18:37.278064,1136.15874,0.00198604,0.00198056
2020-02-27 11:18:37.833095,1136.37017,0.00198604,0.0019808
2020-02-27 11:18:38.407128,1136.59222,0.00198628,0.00198103
2020-02-27 11:18:38.964160,1136.79643,0.00198652,0.00198127
2020-02-27 11:18:39.527192,1136.99735,0.00198676,0.00198151
2020-02-27 11:18:40.085224,1137.21549,0.001987,0.00198175
2020-02-27 11:18:40.652257,1137.41616,0.00198723,0.00198199
2020-02-27 11:18:41.210289,1137.61654,0.00198747,0.00198223
2020-02-27 11:18:41.760320,1137.8245,0.00198771,0.00198247
2020-02-27 11:18:42.312352,1138.02134,0.00198795,0.0019827
2020-02-27 11:18:42.884384,1138.22297,0.00198819,0.00198294
2020-02-27 11:18:43.461417,1138.42379,0.00198819,0.00198318
2020-02-27 11:18:44.019449,1138.6307,0.00198866,0.00198318
2020-02-27 11:18:44.578481,1138.82253,0.00198866,0.00198342
2020-02-27 11:18:45.150514,1139.02106,0.0019889,0.00198366
2020-02-27 11:18:45.727547,1139.21495,0.00198938,0.0019839
2020-02-27 11:18:46.285579,1139.41706,0.00198938,0.00198413
2020-02-27 11:18:46.843611,1139.60233,0.00198962,0.00198437
2020-02-27 11:18:47.412643,1139.79262,0.00198986,0.00198437
2020-02-27 11:18:47.968675,1139.9773,0.00199009,0.00198461
2020-02-27 11:18:48.540708,1140.17506,0.00199033,0.00198485
2020-02-27 11:18:49.105740,1140.35885,0.00199033,0.00198509
2020-02-27 11:18:49.677773,1140.54936,0.00199057,0.00198533
2020-02-27 11:18:50.252806,1140.72939,0.00199081,0.00198533
2020-02-27 11:18:50.811838,1140.92459,0.00199105,0.00198556
2020-02-27 11:18:51.359869,1141.09667,0.00199129,0.0019858
2020-02-27 11:18:51.914901,1141.26742,0.00199153,0.00198604
2020-02-27 11:18:52.479933,1141.44989,0.00199153,0.00198628
2020-02-27 11:18:53.046966,1141.63559,0.00199176,0.00198652
2020-02-27 11:18:53.620998,1141.81401,0.001992,0.00198652
2020-02-27 11:18:54.182030,1141.98697,0.001992,0.00198676
2020-02-27 11:18:54.738062,1142.15765,0.00199248,0.001987
2020-02-27 11:18:55.304095,1142.33136,0.00199272,0.001987
2020-02-27 11:18:55.865127,1142.50395,0.00199272,0.00198747
2020-02-27 11:18:56.417158,1142.6739,0.00199296,0.00198771
2020-02-27 11:18:56.983191,1142.84118,0.00199319,0.00198771
2020-02-27 11:18:57.543223,1143.01038,0.00199319,0.00198795
2020-02-27 11:18:58.096254,1143.16978,0.00199343,0.00198819
2020-02-27 11:18:58.659287,1143.3443,0.00199367,0.00198819
2020-02-27 11:18:59.231319,1143.50407,0.00199367,0.00198843
2020-02-27 11:18:59.785351,1143.66464,0.00199391,0.00198866
2020-02-27 11:19:00.331382,1143.82279,0.00199415,0.00198866
2020-02-27 11:19:00.879414,1143.98027,0.00199415,0.0019889
2020-02-27 11:19:01.433445,1144.12766,0.00199439,0.00198914
2020-02-27 11:19:01.984477,1144.29076,0.00199462,0.00198938
2020-02-27 11:19:02.556509,1144.44833,0.00199486,0.00198938
2020-02-27 11:19:03.128542,1144.6039,0.00199486,0.00198962
2020-02-27 11:19:03.689574,1144.76227,0.0019951,0.00198986
2020-02-27 11:19:04.253607,1144.91336,0.00199534,0.00198986
2020-02-27 11:19:04.817639,1145.06105,0.00199558,0.00199009
2020-02-27 11:19:05.379671,1145.21838,0.00199582,0.00199033
2020-02-27 11:19:05.981705,1145.37683,0.00199582,0.00199033
2020-02-27 11:19:06.537737,1145.5265,0.00199582,0.00199057
2020-02-27 11:19:07.113770,1145.67434,0.00199606,0.00199057
2020-02-27 11:19:07.671802,1145.81908,0.00199629,0.00199081
2020-02-27 11:19:08.221833,1145.96227,0.00199653,0.00199105
2020-02-27 11:19:08.788866,1146.11237,0.00199653,0.00199105
2020-02-27 11:19:09.341898,1146.25217,0.00199677,0.00199129
2020-02-27 11:19:09.896929,1146.38814,0.00199701,0.00199153
2020-02-27 11:19:10.448961,1146.52816,0.00199701,0.00199153
2020-02-27 11:19:11.020994,1146.67142,0.00199725,0.00199176
2020-02-27 11:19:11.598027,1146.80835,0.00199749,0.001992
2020-02-27 11:19:12.183060,1146.95014,0.00199749,0.001992
2020-02-27 11:19:12.761093,1147.08662,0.00199772,0.00199224
2020-02-27 11:19:13.327125,1147.23556,0.00199772,0.00199224
2020-02-27 11:19:13.888158,1147.36151,0.00199796,0.00199248
2020-02-27 11:19:14.461190,1147.49659,0.0019982,0.00199272
2020-02-27 11:19:15.032223,1147.62968,0.0019982,0.00199272
2020-02-27 11:19:15.589255,1147.76233,0.00199844,0.00199296
2020-02-27 11:19:16.150287,1147.89036,0.00199844,0.00199296
2020-02-27 11:19:16.722320,1148.02478,0.00199868,0.00199319
2020-02-27 11:19:17.293352,1148.14454,0.00199868,0.00199319
2020-02-27 11:19:17.852384,1148.28169,0.00199892,0.00199319
2020-02-27 11:19:18.413416,1148.40262,0.00199915,0.00199367
2020-02-27 11:19:18.985449,1148.52584,0.00199915,0.00199367
2020-02-27 11:19:19.556482,1148.6498,0.00199915,0.00199367
2020-02-27 11:19:20.115514,1148.77905,0.00199939,0.00199391
2020-02-27 11:19:20.673546,1148.90059,0.00199963,0.00199391
2020-02-27 11:19:21.244578,1149.01887,0.00199987,0.00199415
2020-02-27 11:19:21.819611,1149.14194,0.00199987,0.00199415
2020-02-27 11:19:22.378643,1149.26398,0.00199987,0.00199415
2020-02-27 11:19:22.932675,1149.37865,0.00200011,0.00199439
2020-02-27 11:19:23.498707,1149.48809,0.00200035,0.00199462
2020-02-27 11:19:24.072740,1149.60467,0.00200035,0.00199486
2020-02-27 11:19:24.631772,1149.72192,0.00200035,0.00199486
2020-02-27 11:19:25.184804,1149.83645,0.00200059,0.00199486
2020-02-27 11:19:25.751836,1149.94618,0.00200059,0.0019951
2020-02-27 11:19:26.308868,1150.06365,0.00200082,0.00199534
2020-02-27 11:19:26.864900,1150.16878,0.00200082,0.00199534
2020-02-27 11:19:27.434932,1150.27686,0.00200106,0.00199534
2020-02-27 11:19:28.008965,1150.38843,0.00200106,0.00199558
2020-02-27 11:19:28.566997,1150.50104,0.0020013,0.00199558
2020-02-27 11:19:29.123029,1150.60254,0.0020013,0.00199582
2020-02-27 11:19:29.682061,1150.70743,0.00200154,0.00199582
2020-02-27 11:19:30.237093,1150.81363,0.00200154,0.00199582
2020-02-27 11:19:30.797125,1150.91466,0.00200154,0.00199606
2020-02-27 11:19:31.358157,1151.02206,0.00200178,0.00199629
2020-02-27 11:19:31.914189,1151.11785,0.00200202,0.00199653
2020-02-27 11:19:32.487221,1151.22581,0.00200202,0.00199653
2020-02-27 11:19:33.044253,1151.32257,0.00200202,0.00199653
2020-02-27 11:19:33.599285,1151.42096,0.00200225,0.00199653
2020-02-27 11:19:34.160317,1151.52708,0.00200225,0.00199653
2020-02-27 11:19:34.731350,1151.62148,0.00200249,0.00199677
2020-02-27 11:19:35.311383,1151.72348,0.00200249,0.00199701
2020-02-27 11:19:35.869415,1151.81228,0.00200249,0.00199701
2020-02-27 11:19:36.422446,1151.91679,0.00200273,0.00199701
2020-02-27 11:19:36.986479,1152.01296,0.00200273,0.00199725
2020-02-27 11:19:37.541510,1152.10383,0.00200297,0.00199725
2020-02-27 11:19:38.105543,1152.19447,0.00200321,0.00199749
2020-02-27 11:19:38.678576,1152.29977,0.00200321,0.00199749
2020-02-27 11:19:39.244608,1152.39035,0.00200321,0.00199749
2020-02-27 11:19:39.802640,1152.47429,0.00200321,0.00199749
2020-02-27 11:19:40.366672,1152.5664,0.00200345,0.00199772
2020-02-27 11:19:40.930704,1152.65883,0.00200345,0.00199772
2020-02-27 11:19:41.500737,1152.74991,0.00200368,0.00199796
2020-02-27 11:19:42.054769,1152.83518,0.00200368,0.00199796
2020-02-27 11:19:42.620801,1152.92258,0.00200368,0.0019982
2020-02-27 11:19:43.185833,1153.01678,0.00200392,0.0019982
2020-02-27 11:19:43.756866,1153.09968,0.00200392,0.0019982
2020-02-27 11:19:44.311898,1153.18443,0.00200416,0.00199844
2020-02-27 11:19:44.864929,1153.27066,0.00200416,0.00199844
2020-02-27 11:19:45.437962,1153.35368,0.00200416,0.00199868
2020-02-27 11:19:45.990994,1153.43688,0.00200416,0.00199868
2020-02-27 11:19:46.550026,1153.51839,0.0020044,0.00199868
2020-02-27 11:19:47.106058,1153.60056,0.0020044,0.00199868
2020-02-27 11:19:47.677090,1153.68052,0.00200464,0.00199892
2020-02-27 11:19:48.231122,1153.76482,0.00200464,0.00199892
2020-02-27 11:19:48.784154,1153.84242,0.00200488,0.00199915
2020-02-27 11:19:49.358186,1153.92172,0.00200488,0.00199915
2020-02-27 11:19:49.918218,1154.00227,0.00200488,0.00199915
2020-02-27 11:19:50.476250,1154.08142,0.00200488,0.00199915
2020-02-27 11:19:51.034282,1154.15976,0.00200512,0.00199939
2020-02-27 11:19:51.590314,1154.23581,0.00200512,0.00199939
2020-02-27 11:19:52.154346,1154.31115,0.00200535,0.00199963
2020-02-27 11:19:52.714378,1154.38868,0.00200535,0.00199963
2020-02-27 11:19:53.264410,1154.46709,0.00200535,0.00199987
2020-02-27 11:19:53.819442,1154.53445,0.00200535,0.00199987
2020-02-27 11:19:54.389474,1154.60903,0.00200559,0.00199987
2020-02-27 11:19:54.966507,1154.68862,0.00200559,0.00199987
2020-02-27 11:19:55.521539,1154.76343,0.00200559,0.00199987
2020-02-27 11:19:56.102572,1154.83727,0.00200583,0.00199987
2020-02-27 11:19:56.674605,1154.90183,0.00200583,0.00200011
2020-02-27 11:19:57.230637,1154.97162,0.00200583,0.00200035
2020-02-27 11:19:57.788669,1155.04598,0.00200583,0.00200035
2020-02-27 11:19:58.351701,1155.11076,0.00200607,0.00200035
2020-02-27 11:19:58.907733,1155.18129,0.00200607,0.00200035
2020-02-27 11:19:59.472765,1155.25181,0.00200631,0.00200035
2020-02-27 11:20:00.033797,1155.31667,0.00200631,0.00200035
2020-02-27 11:20:00.586829,1155.38262,0.00200631,0.00200059
2020-02-27 11:20:01.152861,1155.451,0.00200631,0.00200059
2020-02-27 11:20:01.714893,1155.51762,0.00200655,0.00200082
2020-02-27 11:20:02.288926,1155.57628,0.00200655,0.00200082
2020-02-27 11:20:02.842958,1155.64615,0.00200655,0.00200082
2020-02-27 11:20:03.391989,1155.71378,0.00200655,0.00200082
2020-02-27 11:20:03.944021,1155.77657,0.00200678,0.00200082
2020-02-27 11:20:04.506053,1155.83811,0.00200678,0.00200106
2020-02-27 11:20:05.076085,1155.89876,0.00200702,0.00200106
2020-02-27 11:20:05.629117,1155.96251,0.00200702,0.00200106
2020-02-27 11:20:06.178148,1156.0208,0.00200702,0.0020013
2020-02-27 11:20:06.734180,1156.07976,0.00200702,0.0020013
2020-02-27 11:20:07.290212,1156.13886,0.00200702,0.0020013
2020-02-27 11:20:07.846244,1156.19946,0.00200702,0.00200154
2020-02-27 11:20:08.411276,1156.26572,0.00200726,0.00200154
2020-02-27 11:20:08.973308,1156.31893,0.00200726,0.00200154
2020-02-27 11:20:09.530340,1156.3767,0.00200726,0.00200154
2020-02-27 11:20:10.094372,1156.43584,0.0020075,0.00200154
2020-02-27 11:20:10.654404,1156.49402,0.0020075,0.00200154
2020-02-27 11:20:11.210436,1156.54811,0.0020075,0.00200178
2020-02-27 11:20:11.780469,1156.60751,0.0020075,0.00200178
2020-02-27 11:20:12.337501,1156.66136,0.0020075,0.00200202
2020-02-27 11:20:12.895533,1156.71583,0.00200774,0.00200202
2020-02-27 11:20:13.456565,1156.76794,0.00200774,0.00200202
2020-02-27 11:20:14.024597,1156.82505,0.00200774,0.00200202
2020-02-27 11:20:14.578629,1156.87848,0.00200774,0.00200202
2020-02-27 11:20:15.124660,1156.93198,0.00200798,0.00200202
2020-02-27 11:20:15.683692,1156.98644,0.00200821,0.00200202
2020-02-27 11:20:16.237724,1157.03464,0.00200821,0.00200225
2020-02-27 11:20:16.792756,1157.08836,0.00200821,0.00200225
2020-02-27 11:20:17.364788,1157.14047,0.00200821,0.00200225
2020-02-27 11:20:17.941821,1157.19168,0.00200821,0.00200249
2020-02-27 11:20:18.494853,1157.23885,0.00200821,0.00200249
2020-02-27 11:20:19.048885,1157.29044,0.00200821,0.00200249
2020-02-27 11:20:19.624918,1157.33915,0.00200821,0.00200249
2020-02-27 11:20:20.196950,1157.39243,0.00200845,0.00200249
2020-02-27 11:20:20.750982,1157.43805,0.00200845,0.00200249
2020-02-27 11:20:21.307014,1157.48403,0.00200845,0.00200249
2020-02-27 11:20:21.883047,1157.53481,0.00200845,0.00200249
2020-02-27 11:20:22.459080,1157.58198,0.00200869,0.00200273
2020-02-27 11:20:23.026112,1157.62826,0.00200869,0.00200273
2020-02-27 11:20:23.583144,1157.67896,0.00200869,0.00200273
2020-02-27 11:20:24.130175,1157.72428,0.00200869,0.00200297
2020-02-27 11:20:24.679207,1157.77049,0.00200869,0.00200297
2020-02-27 11:20:25.230238,1157.81168,0.00200869,0.00200297
2020-02-27 11:20:25.788270,1157.85273,0.00200893,0.00200297
2020-02-27 11:20:26.359303,1157.90041,0.00200893,0.00200321
2020-02-27 11:20:26.916335,1157.94544,0.00200893,0.00200321
2020-02-27 11:20:27.487367,1157.99386,0.00200893,0.00200321
2020-02-27 11:20:28.041399,1158.03085,0.00200917,0.00200321
2020-02-27 11:20:28.599431,1158.07515,0.00200917,0.00200321
2020-02-27 11:20:29.163463,1158.11686,0.00200917,0.00200321
2020-02-27 11:20:29.730496,1158.16505,0.00200917,0.00200321
2020-02-27 11:20:30.301528,1158.20618,0.00200917,0.00200321
2020-02-27 11:20:30.856560,1158.2445,0.00200917,0.00200345
2020-02-27 11:20:31.410592,1158.28555,0.00200917,0.00200345
2020-02-27 11:20:31.964623,1158.33021,0.00200941,0.00200345
2020-02-27 11:20:32.536656,1158.37044,0.00200941,0.00200368
2020-02-27 11:20:33.110689,1158.41238,0.00200941,0.00200368
2020-02-27 11:20:33.669721,1158.45262,0.00200941,0.00200368
2020-02-27 11:20:34.215752,1158.48828,0.00200941,0.00200368
2020-02-27 11:20:34.770784,1158.52616,0.00200965,0.00200368
2020-02-27 11:20:35.319815,1158.56905,0.00200965,0.00200368
2020-02-27 11:20:35.873847,1158.60745,0.00200965,0.00200368
2020-02-27 11:20:36.445880,1158.64739,0.00200965,0.00200368
2020-02-27 11:20:37.023913,1158.68313,0.00200988,0.00200368
2020-02-27 11:20:37.581945,1158.72569,0.00200988,0.00200392
2020-02-27 11:20:38.140977,1158.76217,0.00200988,0.00200392
2020-02-27 11:20:38.714009,1158.79555,0.00200988,0.00200392
2020-02-27 11:20:39.285042,1158.83623,0.00200988,0.00200392
2020-02-27 11:20:39.875076,1158.87286,0.00200988,0.00200392
2020-02-27 11:20:40.446108,1158.91192,0.00200988,0.00200416
2020-02-27 11:20:41.000140,1158.94457,0.00200988,0.00200416
2020-02-27 11:20:41.580173,1158.98267,0.00201012,0.00200416
2020-02-27 11:20:42.153206,1159.01708,0.00201012,0.00200416
2020-02-27 11:20:42.709238,1159.0557,0.00201012,0.00200416
2020-02-27 11:20:43.258269,1159.09048,0.00201012,0.00200416
2020-02-27 11:20:43.831302,1159.12107,0.00201012,0.00200416
2020-02-27 11:20:44.408335,1159.15502,0.00201036,0.00200416
2020-02-27 11:20:45.003369,1159.19371,0.00201036,0.00200416
2020-02-27 11:20:45.559401,1159.22761,0.00201036,0.0020044
2020-02-27 11:20:46.129433,1159.26364,0.00201036,0.0020044
2020-02-27 11:20:46.695466,1159.29895,0.00201036,0.0020044
2020-02-27 11:20:47.253498,1159.33366,0.00201036,0.0020044
2020-02-27 11:20:47.828531,1159.36535,0.00201036,0.0020044
2020-02-27 11:20:48.405564,1159.39896,0.00201036,0.0020044
2020-02-27 11:20:48.958595,1159.42874,0.00201036,0.0020044
2020-02-27 11:20:49.514627,1159.46404,0.00201036,0.00200464
2020-02-27 11:20:50.089660,1159.49455,0.0020106,0.00200464
2020-02-27 11:20:50.669693,1159.53044,0.0020106,0.00200464
2020-02-27 11:20:51.225725,1159.5611,0.0020106,0.00200464
2020-02-27 11:20:51.776756,1159.59448,0.0020106,0.00200488
2020-02-27 11:20:52.348789,1159.62204,0.0020106,0.00200488
2020-02-27 11:20:52.906821,1159.65778,0.00201084,0.00200488
2020-02-27 11:20:53.474854,1159.68624,0.00201084,0.00200488
2020-02-27 11:20:54.031885,1159.71948,0.00201084,0.00200488
2020-02-27 11:20:54.589917,1159.7491,0.00201084,0.00200488
2020-02-27 11:20:55.145949,1159.77534,0.00201084,0.00200488
2020-02-27 11:20:55.700981,1159.81101,0.00201084,0.00200488
2020-02-27 11:20:56.267013,1159.83798,0.00201084,0.00200488
2020-02-27 11:20:56.827045,1159.86134,0.00201084,0.00200488
2020-02-27 11:20:57.384077,1159.89509,0.00201084,0.00200512
2020-02-27 11:20:57.950110,1159.9231,0.00201084,0.00200512
2020-02-27 11:20:58.510142,1159.95574,0.00201084,0.00200512
2020-02-27 11:20:59.067173,1159.98191,0.00201108,0.00200512
2020-02-27 11:20:59.629206,1160.00858,0.00201108,0.00200512
2020-02-27 11:21:00.199238,1160.03843,0.00201108,0.00200512
2020-02-27 11:21:00.767271,1160.0685,0.00201108,0.00200512
2020-02-27 11:21:01.317302,1160.09849,0.00201108,0.00200512
2020-02-27 11:21:01.893335,1160.12532,0.00201108,0.00200535
2020-02-27 11:21:02.450367,1160.15168,0.00201131,0.00200535
2020-02-27 11:21:03.001399,1160.17577,0.00201131,0.00200535
2020-02-27 11:21:03.567431,1160.20171,0.00201131,0.00200535
2020-02-27 11:21:04.125463,1160.22773,0.00201131,0.00200535
2020-02-27 11:21:04.696495,1160.26118,0.00201131,0.00200535
2020-02-27 11:21:05.269528,1160.28425,0.00201131,0.00200535
2020-02-27 11:21:05.826560,1160.31572,0.00201131,0.00200535
2020-02-27 11:21:06.387592,1160.33628,0.00201131,0.00200535
2020-02-27 11:21:06.962625,1160.36233,0.00201131,0.00200535
2020-02-27 11:21:07.532658,1160.3879,0.00201131,0.00200535
2020-02-27 11:21:08.098690,1160.41672,0.00201131,0.00200559
2020-02-27 11:21:08.658722,1160.43934,0.00201155,0.00200559
2020-02-27 11:21:09.230755,1160.46743,0.00201155,0.00200559
2020-02-27 11:21:09.808788,1160.48939,0.00201155,0.00200559
2020-02-27 11:21:10.366820,1160.5182,0.00201155,0.00200559
2020-02-27 11:21:10.923852,1160.53994,0.00201155,0.00200559
2020-02-27 11:21:11.497884,1160.56596,0.00201155,0.00200559
2020-02-27 11:21:12.060917,1160.58836,0.00201155,0.00200583
2020-02-27 11:21:12.680952,1160.61659,0.00201155,0.00200583
2020-02-27 11:21:13.232984,1160.64363,0.00201155,0.00200583
2020-02-27 11:21:13.798016,1160.66685,0.00201155,0.00200559
2020-02-27 11:21:14.359048,1160.68852,0.00201155,0.00200583
2020-02-27 11:21:14.923080,1160.71284,0.00201155,0.00200583
2020-02-27 11:21:15.487113,1160.73163,0.00201179,0.00200583
2020-02-27 11:21:16.059145,1160.75676,0.00201179,0.00200583
2020-02-27 11:21:16.622178,1160.78307,0.00201179,0.00200583
2020-02-27 11:21:17.173209,1160.80017,0.00201179,0.00200583
2020-02-27 11:21:17.727241,1160.82316,0.00201203,0.00200583
2020-02-27 11:21:18.287273,1160.85117,0.00201203,0.00200583
2020-02-27 11:21:18.844305,1160.86944,0.00201203,0.00200583
2020-02-27 11:21:19.397336,1160.89443,0.00201203,0.00200583
2020-02-27 11:21:19.958368,1160.91211,0.00201203,0.00200583
2020-02-27 11:21:20.514400,1160.93711,0.00201203,0.00200583
2020-02-27 11:21:21.081433,1160.95549,0.00201203,0.00200583
2020-02-27 11:21:21.641465,1160.97583,0.00201203,0.00200607
2020-02-27 11:21:22.197496,1160.99904,0.00201203,0.00200607
2020-02-27 11:21:22.775530,1161.02174,0.00201203,0.00200583
2020-02-27 11:21:23.332561,1161.04362,0.00201203,0.00200607
2020-02-27 11:21:23.890593,1161.06566,0.00201203,0.00200607
2020-02-27 11:21:24.450625,1161.08268,0.00201203,0.00200607
2020-02-27 11:21:25.008657,1161.10735,0.00201203,0.00200607
2020-02-27 11:21:25.567689,1161.12191,0.00201203,0.00200607
2020-02-27 11:21:26.123721,1161.14432,0.00201203,0.00200607
2020-02-27 11:21:26.677753,1161.16031,0.00201227,0.00200607
2020-02-27 11:21:27.237785,1161.17932,0.00201203,0.00200631
2020-02-27 11:21:27.794817,1161.20143,0.00201203,0.00200631
2020-02-27 11:21:28.358849,1161.2172,0.00201227,0.00200631
2020-02-27 11:21:28.928881,1161.24218,0.00201227,0.00200631
2020-02-27 11:21:29.479913,1161.25677,0.00201227,0.00200631
2020-02-27 11:21:30.040945,1161.28086,0.00201227,0.00200631
2020-02-27 11:21:30.611978,1161.30157,0.00201227,0.00200631
2020-02-27 11:21:31.167009,1161.31985,0.00201227,0.00200655
2020-02-27 11:21:31.723041,1161.33916,0.00201227,0.00200655
2020-02-27 11:21:32.298074,1161.35574,0.00201227,0.00200655
2020-02-27 11:21:32.880107,1161.37645,0.00201227,0.00200655
2020-02-27 11:21:33.439139,1161.39509,0.00201251,0.00200655
2020-02-27 11:21:33.992171,1161.41388,0.00201251,0.00200655
2020-02-27 11:21:34.548203,1161.43148,0.00201251,0.00200655
2020-02-27 11:21:35.110235,1161.45101,0.00201251,0.00200655
2020-02-27 11:21:35.672267,1161.46737,0.00201251,0.00200655
2020-02-27 11:21:36.224299,1161.48683,0.00201251,0.00200655
2020-02-27 11:21:36.791331,1161.50291,0.00201251,0.00200655
2020-02-27 11:21:37.350363,1161.5231,0.00201251,0.00200655
2020-02-27 11:21:37.911395,1161.53917,0.00201251,0.00200655
2020-02-27 11:21:38.477428,1161.56039,0.00201251,0.00200655
2020-02-27 11:21:39.048460,1161.57263,0.00201251,0.00200655
2020-02-27 11:21:39.601492,1161.5954,0.00201251,0.00200655
2020-02-27 11:21:40.151523,1161.60734,0.00201251,0.00200655
2020-02-27 11:21:40.710555,1161.62879,0.00201251,0.00200655
2020-02-27 11:21:41.283588,1161.6428,0.00201251,0.00200655
2020-02-27 11:21:41.860621,1161.66469,0.00201251,0.00200655
2020-02-27 11:21:42.417653,1161.67751,0.00201251,0.00200655
2020-02-27 11:21:42.975685,1161.69667,0.00201251,0.00200678
2020-02-27 11:21:43.545718,1161.71185,0.00201251,0.00200678
2020-02-27 11:21:44.105750,1161.72836,0.00201251,0.00200678
2020-02-27 11:21:44.658781,1161.74767,0.00201251,0.00200678
2020-02-27 11:21:45.221813,1161.76536,0.00201274,0.00200678
2020-02-27 11:21:45.805847,1161.78138,0.00201274,0.00200678
2020-02-27 11:21:46.376879,1161.79774,0.00201274,0.00200678
2020-02-27 11:21:46.934911,1161.81041,0.00201274,0.00200678
2020-02-27 11:21:47.493943,1161.82331,0.00201274,0.00200678
2020-02-27 11:21:48.066976,1161.83938,0.00201274,0.00200678
2020-02-27 11:21:48.626008,1161.85994,0.00201298,0.00200702
2020-02-27 11:21:49.197041,1161.8721,0.00201274,0.00200702
2020-02-27 11:21:49.752072,1161.89104,0.00201274,0.00200702
2020-02-27 11:21:50.307104,1161.90793,0.00201298,0.00200702
2020-02-27 11:21:50.882137,1161.92031,0.00201298,0.00200702
2020-02-27 11:21:51.453170,1161.93726,0.00201298,0.00200702
2020-02-27 11:21:52.008202,1161.95119,0.00201298,0.00200702
2020-02-27 11:21:52.575234,1161.96082,0.00201298,0.00200702
2020-02-27 11:21:53.139266,1161.97902,0.00201298,0.00200702
2020-02-27 11:21:53.705299,1161.9928,0.00201298,0.00200702
2020-02-27 11:21:54.277331,1162.00732,0.00201298,0.00200702
2020-02-27 11:21:54.830363,1162.0158,0.00201298,0.00200702
2020-02-27 11:21:55.378394,1162.02663,0.00201298,0.00200702
2020-02-27 11:21:55.935426,1162.04226,0.00201298,0.00200702
2020-02-27 11:21:56.509459,1162.05051,0.00201298,0.00200702
2020-02-27 11:21:57.085492,1162.06135,0.00201298,0.00200702
2020-02-27 11:21:57.652524,1162.0707,0.00201298,0.00200702
2020-02-27 11:21:58.207556,1162.08242,0.00201298,0.00200702
2020-02-27 11:21:58.767588,1162.09495,0.00201298,0.00200702
2020-02-27 11:21:59.322620,1162.10306,0.00201298,0.00200702
2020-02-27 11:21:59.887652,1162.11382,0.00201298,0.00200702
2020-02-27 11:22:00.450684,1162.12155,0.00201298,0.00200702
2020-02-27 11:22:01.005716,1162.12752,0.00201298,0.00200702
2020-02-27 11:22:01.557748,1162.13903,0.00201298,0.00200702
2020-02-27 11:22:02.130781,1162.14323,0.00201298,0.00200702
2020-02-27 11:22:02.713814,1162.1565,0.00201322,0.00200702
2020-02-27 11:22:03.263845,1162.16364,0.00201322,0.00200702
2020-02-27 11:22:03.841878,1162.1739,0.00201322,0.00200702
2020-02-27 11:22:04.414911,1162.18304,0.00201322,0.00200702
2020-02-27 11:22:04.968943,1162.19122,0.00201322,0.00200702
2020-02-27 11:22:05.516974,1162.20058,0.00201322,0.00200702
2020-02-27 11:22:06.066006,1162.20766,0.00201322,0.00200702
2020-02-27 11:22:06.623037,1162.21967,0.00201298,0.00200702
2020-02-27 11:22:07.187070,1162.22586,0.00201322,0.00200702
2020-02-27 11:22:07.754102,1162.23309,0.00201322,0.00200702
2020-02-27 11:22:08.324135,1162.242,0.00201322,0.00200702
2020-02-27 11:22:08.879166,1162.24982,0.00201322,0.00200702
2020-02-27 11:22:09.443199,1162.25475,0.00201322,0.00200702
2020-02-27 11:22:10.007231,1162.26021,0.00201322,0.00200726
2020-02-27 11:22:10.579264,1162.26994,0.00201322,0.00200726
2020-02-27 11:22:11.146296,1162.27444,0.00201322,0.00200726
2020-02-27 11:22:11.702328,1162.28652,0.00201322,0.00200726
2020-02-27 11:22:12.249359,1162.29323,0.00201322,0.00200726
2020-02-27 11:22:12.806391,1162.29366,0.00201322,0.00200726
2020-02-27 11:22:13.371423,1162.29949,0.00201322,0.00200726
2020-02-27 11:22:13.937456,1162.30789,0.00201322,0.00200726
2020-02-27 11:22:14.505488,1162.31526,0.00201322,0.00200726
2020-02-27 11:22:15.061520,1162.32304,0.00201322,0.00200702
2020-02-27 11:22:15.614552,1162.32879,0.00201322,0.00200702
2020-02-27 11:22:16.172584,1162.33336,0.00201322,0.00200726
2020-02-27 11:22:16.746616,1162.33682,0.00201322,0.00200726
2020-02-27 11:22:17.306649,1162.34861,0.00201322,0.00200726
2020-02-27 11:22:17.861680,1162.35046,0.00201322,0.00200726
2020-02-27 11:22:18.423712,1162.35576,0.00201322,0.00200726
2020-02-27 11:22:18.974744,1162.35768,0.00201322,0.00200726
2020-02-27 11:22:19.527776,1162.36131,0.00201322,0.00200726
2020-02-27 11:22:20.104809,1162.36729,0.00201346,0.00200726
2020-02-27 11:22:20.682842,1162.37849,0.00201346,0.00200726
2020-02-27 11:22:21.236873,1162.37635,0.00201322,0.00200726
2020-02-27 11:22:21.792905,1162.38099,0.00201346,0.00200726
2020-02-27 11:22:22.352937,1162.38483,0.00201322,0.00200726
2020-02-27 11:22:22.913969,1162.38866,0.00201322,0.00200726
2020-02-27 11:22:23.470001,1162.39116,0.00201322,0.00200726
2020-02-27 11:22:24.040034,1162.40052,0.00201322,0.00200726
2020-02-27 11:22:24.594065,1162.39511,0.00201322,0.00200726
2020-02-27 11:22:25.153097,1162.40049,0.00201322,0.00200726
2020-02-27 11:22:25.711129,1162.40837,0.00201346,0.00200726
2020-02-27 11:22:26.286162,1162.4139,0.00201346,0.00200726
2020-02-27 11:22:26.849194,1162.41289,0.00201346,0.00200726
2020-02-27 11:22:27.403226,1162.41754,0.00201322,0.00200726
2020-02-27 11:22:27.982259,1162.42159,0.00201322,0.00200726
2020-02-27 11:22:28.535291,1162.42196,0.00201322,0.00200726
2020-02-27 11:22:29.093323,1162.42373,0.00201346,0.00200726
2020-02-27 11:22:29.653355,1162.42631,0.00201346,0.00200726
2020-02-27 11:22:30.219387,1162.42867,0.00201346,0.00200726
2020-02-27 11:22:30.779419,1162.43174,0.00201346,0.00200726
2020-02-27 11:22:31.354452,1162.43426,0.00201346,0.00200726
2020-02-27 11:22:31.912484,1162.43499,0.00201346,0.00200726
2020-02-27 11:22:32.487517,1162.43558,0.00201346,0.00200726
2020-02-27 11:22:33.052549,1162.44141,0.00201346,0.00200726
2020-02-27 11:22:33.606581,1162.44332,0.00201346,0.00200726
2020-02-27 11:22:34.157612,1162.44421,0.00201346,0.00200726
2020-02-27 11:22:34.724645,1162.44907,0.00201346,0.00200726
2020-02-27 11:22:35.285677,1162.44516,0.00201346,0.00200726
2020-02-27 11:22:35.853709,1162.44669,0.00201346,0.00200726
2020-02-27 11:22:36.424742,1162.44817,0.00201346,0.00200726
2020-02-27 11:22:36.991774,1162.45193,0.00201346,0.00200726
2020-02-27 11:22:37.545806,1162.452,0.00201346,0.00200726
2020-02-27 11:22:38.104838,1162.44755,0.00201346,0.00200726
2020-02-27 11:22:38.676871,1162.45079,0.00201346,0.00200726
2020-02-27 11:22:39.252904,1162.45241,0.00201346,0.00200726
2020-02-27 11:22:39.810936,1162.4519,0.00201346,0.00200726
2020-02-27 11:22:40.372968,1162.45631,0.00201346,0.00200726
2020-02-27 11:22:40.945001,1162.45233,0.00201346,0.00200726
2020-02-27 11:22:41.501032,1162.45565,0.00201346,0.00200726
2020-02-27 11:22:42.056064,1162.45402,0.00201322,0.00200726
2020-02-27 11:22:42.610096,1162.45734,0.00201346,0.00200726
2020-02-27 11:22:43.160127,1162.45314,0.00201346,0.00200726
2020-02-27 11:22:43.725160,1162.4513,0.00201346,0.00200726
2020-02-27 11:22:44.275191,1162.45432,0.00201346,0.00200726
2020-02-27 11:22:44.832223,1162.45225,0.00201346,0.00200726
2020-02-27 11:22:45.388255,1162.45107,0.00201346,0.00200726
2020-02-27 11:22:45.950287,1162.45335,0.00201346,0.00200726
2020-02-27 11:22:46.513319,1162.45026,0.00201322,0.00200726
2020-02-27 11:22:47.069351,1162.44619,0.00201346,0.00200726
2020-02-27 11:22:47.634383,1162.44486,0.00201322,0.00200726
2020-02-27 11:22:48.196415,1162.44383,0.00201346,0.00200726
2020-02-27 11:22:48.752447,1162.44626,0.00201322,0.00200726
2020-02-27 11:22:49.316479,1162.44937,0.00201322,0.00200726
2020-02-27 11:22:49.879512,1162.44569,0.00201322,0.00200726
2020-02-27 11:22:50.433543,1162.44628,0.00201346,0.00200726
2020-02-27 11:22:50.999576,1162.44451,0.00201346,0.00200726
2020-02-27 11:22:51.561608,1162.44462,0.00201346,0.00200726
2020-02-27 11:22:52.116640,1162.44219,0.00201346,0.00200726
2020-02-27 11:22:52.681672,1162.44175,0.00201322,0.00200726
2020-02-27 11:22:53.242704,1162.43991,0.00201322,0.00200702
2020-02-27 11:22:53.798736,1162.43989,0.00201322,0.00200702
2020-02-27 11:22:54.359768,1162.43515,0.00201322,0.00200702
2020-02-27 11:22:54.921800,1162.43802,0.00201322,0.00200702
2020-02-27 11:22:55.479832,1162.43213,0.00201322,0.00200702
2020-02-27 11:22:56.043864,1162.42992,0.00201322,0.00200702
2020-02-27 11:22:56.605896,1162.4308,0.00201322,0.00200726
2020-02-27 11:22:57.162928,1162.42881,0.00201322,0.00200726
2020-02-27 11:22:57.735961,1162.4308,0.00201322,0.00200726
2020-02-27 11:22:58.291993,1162.42616,0.00201322,0.00200702
2020-02-27 11:22:58.844024,1162.42144,0.00201322,0.00200702
2020-02-27 11:22:59.406056,1162.41872,0.00201322,0.00200702
2020-02-27 11:22:59.977089,1162.41643,0.00201346,0.00200702
2020-02-27 11:23:00.532121,1162.41649,0.00201346,0.00200702
2020-02-27 11:23:01.118154,1162.41686,0.00201322,0.00200726
2020-02-27 11:23:01.693187,1162.40979,0.00201322,0.00200726
2020-02-27 11:23:02.252219,1162.40787,0.00201322,0.00200726
2020-02-27 11:23:02.824252,1162.40515,0.00201322,0.00200702
2020-02-27 11:23:03.388284,1162.40105,0.00201322,0.00200702
2020-02-27 11:23:03.946316,1162.40348,0.00201322,0.00200702
2020-02-27 11:23:04.503348,1162.39803,0.00201322,0.00200702
2020-02-27 11:23:05.061380,1162.39403,0.00201322,0.00200702
2020-02-27 11:23:05.609411,1162.39441,0.00201322,0.00200702
2020-02-27 11:23:06.166443,1162.3902,0.00201322,0.00200702
2020-02-27 11:23:06.736476,1162.38482,0.00201322,0.00200702
2020-02-27 11:23:07.310509,1162.38512,0.00201322,0.00200726
2020-02-27 11:23:07.868540,1162.37635,0.00201322,0.00200726
2020-02-27 11:23:08.430573,1162.37731,0.00201322,0.00200702
2020-02-27 11:23:09.002605,1162.36869,0.00201322,0.00200702
2020-02-27 11:23:09.580638,1162.36905,0.00201322,0.00200702
2020-02-27 11:23:10.160672,1162.36603,0.00201322,0.00200702
2020-02-27 11:23:10.727704,1162.35807,0.00201322,0.00200702
2020-02-27 11:23:11.297737,1162.36109,0.00201322,0.00200702
2020-02-27 11:23:11.851768,1162.35682,0.00201322,0.00200702
2020-02-27 11:23:12.404800,1162.34736,0.00201322,0.00200702
2020-02-27 11:23:12.980833,1162.34965,0.00201322,0.00200702
2020-02-27 11:23:13.553866,1162.34581,0.00201322,0.00200702
2020-02-27 11:23:14.108897,1162.34294,0.00201322,0.00200702
2020-02-27 11:23:14.664929,1162.33697,0.00201322,0.00200702
2020-02-27 11:23:15.241962,1162.33247,0.00201322,0.00200702
2020-02-27 11:23:15.800994,1162.32945,0.00201322,0.00200702
2020-02-27 11:23:16.351026,1162.32563,0.00201322,0.00200702
2020-02-27 11:23:17.099068,1162.32507,0.00201298,0.00200702
2020-02-27 11:23:17.669101,1162.31999,0.00201322,0.00200702
2020-02-27 11:23:18.222133,1162.31144,0.00201322,0.00200702
2020-02-27 11:23:18.792165,1162.31194,0.00201322,0.00200702
2020-02-27 11:23:19.358198,1162.3063,0.00201322,0.00200702
2020-02-27 11:23:19.920230,1162.30085,0.00201322,0.00200702
2020-02-27 11:23:20.472261,1162.29827,0.00201322,0.00200702
2020-02-27 11:23:21.033293,1162.29547,0.00201298,0.00200702
2020-02-27 11:23:21.604326,1162.29186,0.00201298,0.00200702
2020-02-27 11:23:22.163358,1162.28641,0.00201298,0.00200702
2020-02-27 11:23:22.737391,1162.28464,0.00201298,0.00200702
2020-02-27 11:23:23.290423,1162.27927,0.00201298,0.00200702
2020-02-27 11:23:23.850455,1162.27346,0.00201298,0.00200702
2020-02-27 11:23:24.410487,1162.26477,0.00201298,0.00200702
2020-02-27 11:23:24.961518,1162.26565,0.00201298,0.00200702
2020-02-27 11:23:25.523550,1162.25968,0.00201298,0.00200702
2020-02-27 11:23:26.085582,1162.25791,0.00201298,0.00200702
2020-02-27 11:23:26.636614,1162.25393,0.00201298,0.00200702
2020-02-27 11:23:27.190646,1162.2473,0.00201298,0.00200702
2020-02-27 11:23:27.753678,1162.24385,0.00201298,0.00200702
2020-02-27 11:23:28.309710,1162.23579,0.00201298,0.00200702
2020-02-27 11:23:28.863741,1162.23026,0.00201298,0.00200702
2020-02-27 11:23:29.423773,1162.22776,0.00201298,0.00200702
2020-02-27 11:23:29.979805,1162.22481,0.00201298,0.00200702
2020-02-27 11:23:30.579840,1162.21737,0.00201298,0.00200702
2020-02-27 11:23:31.134871,1162.21427,0.00201298,0.00200702
2020-02-27 11:23:31.694903,1162.20801,0.00201298,0.00200702
2020-02-27 11:23:32.250935,1162.20425,0.00201298,0.00200702
2020-02-27 11:23:32.814967,1162.19473,0.00201298,0.00200678
2020-02-27 11:23:33.376999,1162.19215,0.00201298,0.00200702
2020-02-27 11:23:33.930031,1162.18928,0.00201298,0.00200702
2020-02-27 11:23:34.492063,1162.18162,0.00201298,0.00200702
2020-02-27 11:23:35.089097,1162.17571,0.00201298,0.00200678
2020-02-27 11:23:35.642129,1162.17305,0.00201298,0.00200678
2020-02-27 11:23:36.191160,1162.16539,0.00201298,0.00200678
2020-02-27 11:23:36.747192,1162.16274,0.00201298,0.00200678
2020-02-27 11:23:37.319225,1162.15618,0.00201298,0.00200678
2020-02-27 11:23:37.891258,1162.15352,0.00201298,0.00200678
2020-02-27 11:23:38.448290,1162.14409,0.00201298,0.00200678
2020-02-27 11:23:39.005321,1162.14122,0.00201298,0.00200678
2020-02-27 11:23:39.575354,1162.13548,0.00201298,0.00200678
2020-02-27 11:23:40.156387,1162.13098,0.00201298,0.00200678
2020-02-27 11:23:40.745421,1162.12516,0.00201298,0.00200678
2020-02-27 11:23:41.302453,1162.11683,0.00201298,0.00200678
2020-02-27 11:23:41.868485,1162.11551,0.00201298,0.00200678
2020-02-27 11:23:42.453519,1162.10873,0.00201298,0.00200678
2020-02-27 11:23:43.025551,1162.1046,0.00201298,0.00200678
2020-02-27 11:23:43.584583,1162.09495,0.00201298,0.00200678
2020-02-27 11:23:44.140615,1162.08846,0.00201298,0.00200678
2020-02-27 11:23:44.716648,1162.08301,0.00201298,0.00200678
2020-02-27 11:23:45.295681,1162.0822,0.00201298,0.00200678
2020-02-27 11:23:45.864714,1162.07343,0.00201298,0.00200678
2020-02-27 11:23:46.429746,1162.06746,0.00201298,0.00200678
2020-02-27 11:23:46.984778,1162.06222,0.00201298,0.00200655
2020-02-27 11:23:47.544810,1162.05788,0.00201298,0.00200678
2020-02-27 11:23:48.102842,1162.05331,0.00201274,0.00200678
2020-02-27 11:23:48.651873,1162.04619,0.00201274,0.00200678
2020-02-27 11:23:49.198904,1162.03778,0.00201274,0.00200678
2020-02-27 11:23:49.755936,1162.03336,0.00201274,0.00200678
2020-02-27 11:23:50.329969,1162.0268,0.00201274,0.00200678
2020-02-27 11:23:50.888001,1162.01952,0.00201274,0.00200678
2020-02-27 11:23:51.450033,1162.01716,0.00201274,0.00200678
2020-02-27 11:23:52.009065,1162.00994,0.00201274,0.00200678
2020-02-27 11:23:52.566097,1162.00419,0.00201274,0.00200655
2020-02-27 11:23:53.138130,1161.99713,0.00201274,0.00200655
2020-02-27 11:23:53.695162,1161.99212,0.00201274,0.00200655
2020-02-27 11:23:54.267194,1161.98799,0.00201274,0.00200655
2020-02-27 11:23:54.821226,1161.98018,0.00201274,0.00200655
2020-02-27 11:23:55.379258,1161.97402,0.00201274,0.00200655
2020-02-27 11:23:55.936290,1161.96835,0.00201274,0.00200655
2020-02-27 11:23:56.502322,1161.957,0.00201274,0.00200655
2020-02-27 11:23:57.062354,1161.95604,0.00201274,0.00200655
2020-02-27 11:23:57.618386,1161.95548,0.00201274,0.00200655
2020-02-27 11:23:58.183418,1161.9434,0.00201274,0.00200655
2020-02-27 11:23:58.743450,1161.93699,0.00201274,0.00200655
2020-02-27 11:23:59.299482,1161.93345,0.00201274,0.00200655
2020-02-27 11:23:59.869515,1161.92456,0.00201274,0.00200655
2020-02-27 11:24:00.453548,1161.91542,0.00201274,0.00200655
2020-02-27 11:24:01.011580,1161.91004,0.00201251,0.00200655
2020-02-27 11:24:01.575612,1161.90577,0.00201251,0.00200655
2020-02-27 11:24:02.134644,1161.90163,0.00201251,0.00200655
2020-02-27 11:24:02.692676,1161.89323,0.00201274,0.00200655
2020-02-27 11:24:03.250708,1161.88734,0.00201274,0.00200655
2020-02-27 11:24:03.815740,1161.88026,0.00201274,0.00200655
2020-02-27 11:24:04.375773,1161.87274,0.00201274,0.00200655
2020-02-27 11:24:04.930804,1161.86987,0.00201251,0.00200655
2020-02-27 11:24:05.492836,1161.8628,0.00201251,0.00200655
2020-02-27 11:24:06.052868,1161.85351,0.00201251,0.00200655
2020-02-27 11:24:06.609900,1161.84894,0.00201251,0.00200655
2020-02-27 11:24:07.175933,1161.83958,0.00201251,0.00200655
2020-02-27 11:24:07.736965,1161.83059,0.00201251,0.00200655
2020-02-27 11:24:08.293997,1161.82322,0.00201251,0.00200655
2020-02-27 11:24:08.857029,1161.81696,0.00201251,0.00200655
2020-02-27 11:24:09.417061,1161.80886,0.00201251,0.00200655
2020-02-27 11:24:09.970093,1161.80804,0.00201251,0.00200655
2020-02-27 11:24:10.541125,1161.79891,0.00201251,0.00200655
2020-02-27 11:24:11.117158,1161.78992,0.00201251,0.00200631
2020-02-27 11:24:11.679190,1161.78196,0.00201251,0.00200631
2020-02-27 11:24:12.230222,1161.77982,0.00201251,0.00200631
2020-02-27 11:24:12.801254,1161.76951,0.00201251,0.00200631
2020-02-27 11:24:13.378287,1161.76227,0.00201251,0.00200655
2020-02-27 11:24:13.970321,1161.75371,0.00201251,0.00200655
2020-02-27 11:24:14.543354,1161.74597,0.00201251,0.00200631
2020-02-27 11:24:15.110387,1161.74368,0.00201251,0.00200631
2020-02-27 11:24:15.668418,1161.73107,0.00201251,0.00200631
2020-02-27 11:24:16.241451,1161.72554,0.00201251,0.00200631
2020-02-27 11:24:16.818484,1161.72193,0.00201251,0.00200631
2020-02-27 11:24:17.369516,1161.71146,0.00201251,0.00200631
2020-02-27 11:24:17.928548,1161.70685,0.00201251,0.00200631
2020-02-27 11:24:18.502581,1161.70113,0.00201251,0.00200631
2020-02-27 11:24:19.064613,1161.69229,0.00201251,0.00200631
2020-02-27 11:24:19.635645,1161.68242,0.00201251,0.00200631
2020-02-27 11:24:20.186677,1161.67416,0.00201251,0.00200631
2020-02-27 11:24:20.741709,1161.67033,0.00201251,0.00200631
2020-02-27 11:24:21.317742,1161.66156,0.00201251,0.00200631
2020-02-27 11:24:21.889774,1161.64962,0.00201251,0.00200631
2020-02-27 11:24:22.481808,1161.64515,0.00201251,0.00200631
2020-02-27 11:24:23.056841,1161.64025,0.00201251,0.00200607
2020-02-27 11:24:23.613873,1161.63141,0.00201251,0.00200607
2020-02-27 11:24:24.167905,1161.62463,0.00201251,0.00200607
2020-02-27 11:24:24.723936,1161.61715,0.00201251,0.00200631
2020-02-27 11:24:25.297969,1161.61305,0.00201251,0.00200631
2020-02-27 11:24:25.882003,1161.60222,0.00201251,0.00200631
2020-02-27 11:24:26.436034,1161.59603,0.00201251,0.00200607
2020-02-27 11:24:27.010067,1161.58758,0.00201251,0.00200607
2020-02-27 11:24:27.587100,1161.57715,0.00201227,0.00200607
2020-02-27 11:24:28.141132,1161.57133,0.00201227,0.00200607
2020-02-27 11:24:28.688163,1161.56263,0.00201227,0.00200607
2020-02-27 11:24:29.247195,1161.55965,0.00201227,0.00200607
2020-02-27 11:24:29.820228,1161.54715,0.00201227,0.00200583
2020-02-27 11:24:30.382260,1161.5403,0.00201227,0.00200583
2020-02-27 11:24:30.942292,1161.53617,0.00201227,0.00200607
2020-02-27 11:24:31.501324,1161.52629,0.00201227,0.00200607
2020-02-27 11:24:32.051355,1161.51789,0.00201227,0.00200607
2020-02-27 11:24:32.606387,1161.50949,0.00201227,0.00200607
2020-02-27 11:24:33.182420,1161.50138,0.00201227,0.00200607
2020-02-27 11:24:33.761453,1161.49642,0.00201227,0.00200583
2020-02-27 11:24:34.322485,1161.48613,0.00201227,0.00200583
2020-02-27 11:24:34.886518,1161.48067,0.00201227,0.00200583
2020-02-27 11:24:35.450550,1161.47308,0.00201227,0.00200583
2020-02-27 11:24:36.012582,1161.46672,0.00201227,0.00200583
2020-02-27 11:24:36.568614,1161.45325,0.00201227,0.00200583
2020-02-27 11:24:37.131646,1161.44699,0.00201227,0.00200583
2020-02-27 11:24:37.691678,1161.44301,0.00201227,0.00200583
2020-02-27 11:24:38.246710,1161.4332,0.00201203,0.00200583
2020-02-27 11:24:38.811742,1161.42177,0.00201203,0.00200583
2020-02-27 11:24:39.372774,1161.41971,0.00201203,0.00200583
2020-02-27 11:24:39.930806,1161.41123,0.00201203,0.00200583
2020-02-27 11:24:40.494838,1161.40291,0.00201203,0.00200583
2020-02-27 11:24:41.054870,1161.39674,0.00201203,0.00200583
2020-02-27 11:24:41.610902,1161.38716,0.00201203,0.00200583
2020-02-27 11:24:42.175935,1161.37758,0.00201203,0.00200583
2020-02-27 11:24:42.739967,1161.37006,0.00201203,0.00200583
2020-02-27 11:24:43.293999,1161.36313,0.00201203,0.00200583
2020-02-27 11:24:43.867031,1161.35532,0.00201203,0.00200583
2020-02-27 11:24:44.595073,1161.34316,0.00201203,0.00200583
2020-02-27 11:24:45.147105,1161.33306,0.00201203,0.00200583
2020-02-27 11:24:45.705136,1161.32772,0.00201203,0.00200583
2020-02-27 11:24:46.277169,1161.31872,0.00201203,0.00200583
2020-02-27 11:24:46.854202,1161.309,0.00201203,0.00200583
2020-02-27 11:24:47.409234,1161.30421,0.00201203,0.00200583
2020-02-27 11:24:47.970266,1161.29573,0.00201203,0.00200583
2020-02-27 11:24:48.542299,1161.29028,0.00201203,0.00200583
2020-02-27 11:24:49.116332,1161.2779,0.00201203,0.00200583
2020-02-27 11:24:49.680364,1161.26957,0.00201203,0.00200583
2020-02-27 11:24:50.240396,1161.26265,0.00201203,0.00200583
2020-02-27 11:24:50.812429,1161.25012,0.00201203,0.00200583
2020-02-27 11:24:51.371461,1161.25101,0.00201203,0.00200583
2020-02-27 11:24:51.923492,1161.23914,0.00201203,0.00200583
2020-02-27 11:24:52.497525,1161.2317,0.00201203,0.00200583
2020-02-27 11:24:53.069558,1161.22935,0.00201203,0.00200583
2020-02-27 11:24:53.625589,1161.21814,0.00201203,0.00200583
2020-02-27 11:24:54.180621,1161.21365,0.00201203,0.00200583
2020-02-27 11:24:54.750654,1161.20894,0.00201203,0.00200583
2020-02-27 11:24:55.303685,1161.20024,0.00201203,0.00200583
2020-02-27 11:24:55.867718,1161.19479,0.00201203,0.00200583
2020-02-27 11:24:56.425750,1161.18934,0.00201203,0.00200583
2020-02-27 11:24:56.985782,1161.18486,0.00201203,0.00200559
2020-02-27 11:24:57.539813,1161.1797,0.00201203,0.00200559
2020-02-27 11:24:58.099845,1161.17115,0.00201203,0.00200559
2020-02-27 11:24:58.652877,1161.16378,0.00201179,0.00200559
2020-02-27 11:24:59.203909,1161.15663,0.00201203,0.00200559
2020-02-27 11:24:59.768941,1161.15081,0.00201203,0.00200559
2020-02-27 11:25:00.328973,1161.14175,0.00201203,0.00200559
2020-02-27 11:25:00.901006,1161.1374,0.00201203,0.00200559
2020-02-27 11:25:01.474038,1161.13357,0.00201203,0.00200559
2020-02-27 11:25:02.032070,1161.12686,0.00201203,0.00200559
2020-02-27 11:25:02.588102,1161.12163,0.00201203,0.00200559
2020-02-27 11:25:03.157135,1161.11426,0.00201179,0.00200559
2020-02-27 11:25:03.713166,1161.10329,0.00201179,0.00200559
2020-02-27 11:25:04.291199,1161.09776,0.00201179,0.00200559
2020-02-27 11:25:04.865232,1161.09371,0.00201179,0.00200559
2020-02-27 11:25:05.439265,1161.08111,0.00201179,0.00200559
2020-02-27 11:25:05.991297,1161.08015,0.00201179,0.00200559
2020-02-27 11:25:06.543328,1161.07403,0.00201179,0.00200559
2020-02-27 11:25:07.117361,1161.05966,0.00201155,0.00200559
2020-02-27 11:25:07.678393,1161.05642,0.00201155,0.00200559
2020-02-27 11:25:08.250426,1161.0517,0.00201155,0.00200559
2020-02-27 11:25:08.809458,1161.04993,0.00201155,0.00200535
2020-02-27 11:25:09.365490,1161.03608,0.00201155,0.00200559
2020-02-27 11:25:09.938522,1161.03107,0.00201155,0.00200535
2020-02-27 11:25:10.499555,1161.02774,0.00201155,0.00200535
2020-02-27 11:25:11.077588,1161.02119,0.00201155,0.00200535
2020-02-27 11:25:11.631619,1161.01271,0.00201155,0.00200535
2020-02-27 11:25:12.186651,1161.00807,0.00201155,0.00200535
2020-02-27 11:25:12.740683,1161.00449,0.00201155,0.00200535
2020-02-27 11:25:13.311715,1160.99911,0.00201155,0.00200559
2020-02-27 11:25:13.884748,1160.9924,0.00201155,0.00200535
2020-02-27 11:25:14.437780,1160.98467,0.00201155,0.00200535
2020-02-27 11:25:14.997812,1160.98364,0.00201155,0.00200535
2020-02-27 11:25:15.567844,1160.97641,0.00201155,0.00200535
2020-02-27 11:25:16.145878,1160.96742,0.00201155,0.00200535
2020-02-27 11:25:16.707910,1160.96212,0.00201155,0.00200535
2020-02-27 11:25:17.273942,1160.95327,0.00201155,0.00200535
2020-02-27 11:25:17.837974,1160.94944,0.00201155,0.00200535
2020-02-27 11:25:18.412007,1160.9431,0.00201155,0.00200535
2020-02-27 11:25:18.964039,1160.94015,0.00201155,0.00200535
2020-02-27 11:25:19.517070,1160.93587,0.00201155,0.00200535
2020-02-27 11:25:20.076102,1160.92953,0.00201155,0.00200535
2020-02-27 11:25:20.636134,1160.92651,0.00201155,0.00200535
2020-02-27 11:25:21.214167,1160.91634,0.00201155,0.00200535
2020-02-27 11:25:21.765199,1160.91258,0.00201155,0.00200535
2020-02-27 11:25:22.328231,1160.90875,0.00201155,0.00200535
2020-02-27 11:25:22.887263,1160.90271,0.00201131,0.00200535
2020-02-27 11:25:23.449295,1160.89468,0.00201131,0.00200535
2020-02-27 11:25:24.015328,1160.89157,0.00201155,0.00200535
2020-02-27 11:25:24.591361,1160.88538,0.00201155,0.00200535
2020-02-27 11:25:25.143392,1160.88258,0.00201155,0.00200535
2020-02-27 11:25:25.690423,1160.87816,0.00201131,0.00200535
2020-02-27 11:25:26.249455,1160.87461,0.00201131,0.00200535
2020-02-27 11:25:26.821488,1160.86503,0.00201131,0.00200535
2020-02-27 11:25:27.395521,1160.86282,0.00201131,0.00200535
2020-02-27 11:25:27.952553,1160.85634,0.00201131,0.00200535
2020-02-27 11:25:28.514585,1160.85132,0.00201131,0.00200535
2020-02-27 11:25:29.086618,1160.84233,0.00201131,0.00200535
2020-02-27 11:25:29.642650,1160.84446,0.00201155,0.00200535
2020-02-27 11:25:30.214682,1160.83326,0.00201131,0.00200535
2020-02-27 11:25:30.768714,1160.83273,0.00201155,0.00200535
2020-02-27 11:25:31.326746,1160.8275,0.00201131,0.00200535
2020-02-27 11:25:31.889778,1160.8244,0.00201155,0.00200535
2020-02-27 11:25:32.454810,1160.82065,0.00201131,0.00200535
2020-02-27 11:25:33.025843,1160.81581,0.00201131,0.00200535
2020-02-27 11:25:33.583875,1160.80793,0.00201131,0.00200535
2020-02-27 11:25:34.135907,1160.80645,0.00201131,0.00200535
2020-02-27 11:25:34.709939,1160.79931,0.00201131,0.00200535
2020-02-27 11:25:35.283972,1160.79064,0.00201131,0.00200535
2020-02-27 11:25:35.836004,1160.78799,0.00201131,0.00200512
2020-02-27 11:25:36.383035,1160.78291,0.00201131,0.00200512
2020-02-27 11:25:36.941067,1160.77797,0.00201131,0.00200512
2020-02-27 11:25:37.513100,1160.77346,0.00201131,0.00200535
2020-02-27 11:25:38.091133,1160.77029,0.00201131,0.00200512
2020-02-27 11:25:38.647165,1160.76521,0.00201131,0.00200535
2020-02-27 11:25:39.215197,1160.75784,0.00201131,0.00200535
2020-02-27 11:25:39.774229,1160.75258,0.00201131,0.00200512
2020-02-27 11:25:40.330261,1160.74816,0.00201131,0.00200512
2020-02-27 11:25:40.896293,1160.74175,0.00201131,0.00200512
2020-02-27 11:25:41.456325,1160.73453,0.00201131,0.00200512
2020-02-27 11:25:42.013357,1160.73821,0.00201131,0.00200512
2020-02-27 11:25:42.579389,1160.73335,0.00201131,0.00200512
2020-02-27 11:25:43.151422,1160.72767,0.00201131,0.00200512
2020-02-27 11:25:43.737456,1160.72126,0.00201131,0.00200512
2020-02-27 11:25:44.286487,1160.71213,0.00201131,0.00200512
2020-02-27 11:25:44.844519,1160.70769,0.00201131,0.00200512
2020-02-27 11:25:45.410551,1160.7046,0.00201131,0.00200512
2020-02-27 11:25:45.966583,1160.70342,0.00201131,0.00200512
2020-02-27 11:25:46.538616,1160.69416,0.00201131,0.00200512
2020-02-27 11:25:47.091648,1160.69501,0.00201131,0.00200512
2020-02-27 11:25:47.646679,1160.6914,0.00201131,0.00200512
2020-02-27 11:25:48.212712,1160.68278,0.00201131,0.00200512
2020-02-27 11:25:48.772744,1160.67887,0.00201131,0.00200512
2020-02-27 11:25:49.328775,1160.67644,0.00201131,0.00200512
2020-02-27 11:25:49.893808,1160.67062,0.00201131,0.00200512
2020-02-27 11:25:50.454840,1160.66671,0.00201131,0.00200512
2020-02-27 11:25:51.011872,1160.66067,0.00201131,0.00200512
2020-02-27 11:25:51.575904,1160.65501,0.00201131,0.00200512
2020-02-27 11:25:52.137936,1160.64852,0.00201131,0.00200512
2020-02-27 11:25:52.698968,1160.64602,0.00201131,0.00200512
2020-02-27 11:25:53.257000,1160.63695,0.00201131,0.00200488
2020-02-27 11:25:53.829033,1160.6305,0.00201131,0.00200488
2020-02-27 11:25:54.382065,1160.62947,0.00201131,0.00200488
2020-02-27 11:25:54.938096,1160.6263,0.00201131,0.00200488
2020-02-27 11:25:55.494128,1160.62188,0.00201131,0.00200488
2020-02-27 11:25:56.066161,1160.61561,0.00201131,0.00200488
2020-02-27 11:25:56.643194,1160.6159,0.00201131,0.00200488
2020-02-27 11:25:57.194225,1160.60632,0.00201131,0.00200488
2020-02-27 11:25:57.740257,1160.60109,0.00201131,0.00200488
2020-02-27 11:25:58.288288,1160.59546,0.00201131,0.00200512
2020-02-27 11:25:58.836319,1160.59324,0.00201131,0.00200512
2020-02-27 11:25:59.391351,1160.58794,0.00201131,0.00200488
2020-02-27 11:25:59.945383,1160.58411,0.00201131,0.00200488
2020-02-27 11:26:00.500414,1160.5774,0.00201131,0.00200488
2020-02-27 11:26:01.072447,1160.56841,0.00201131,0.00200488
2020-02-27 11:26:01.627479,1160.56841,0.00201131,0.00200488
2020-02-27 11:26:02.200512,1160.56266,0.00201131,0.00200488
2020-02-27 11:26:02.756544,1160.55828,0.00201131,0.00200488
2020-02-27 11:26:03.332576,1160.55305,0.00201131,0.00200488
2020-02-27 11:26:03.904609,1160.54922,0.00201131,0.00200488
2020-02-27 11:26:04.458641,1160.54177,0.00201131,0.00200488
2020-02-27 11:26:05.011673,1160.53919,0.00201131,0.00200488
2020-02-27 11:26:05.584705,1160.53521,0.00201131,0.00200488
2020-02-27 11:26:06.157738,1160.52806,0.00201131,0.00200488
2020-02-27 11:26:06.710770,1160.52283,0.00201131,0.00200488
2020-02-27 11:26:07.263801,1160.51743,0.00201108,0.00200488
2020-02-27 11:26:07.845835,1160.51382,0.00201131,0.00200488
2020-02-27 11:26:08.415867,1160.51109,0.00201131,0.00200488
2020-02-27 11:26:08.970899,1160.50409,0.00201108,0.00200488
2020-02-27 11:26:09.524931,1160.49938,0.00201108,0.00200488
2020-02-27 11:26:10.080962,1160.49525,0.00201108,0.00200488
2020-02-27 11:26:10.650995,1160.48611,0.00201131,0.00200488
2020-02-27 11:26:11.227028,1160.48287,0.00201108,0.00200488
2020-02-27 11:26:11.785060,1160.47672,0.00201131,0.00200488
2020-02-27 11:26:12.341092,1160.47524,0.00201131,0.00200488
2020-02-27 11:26:12.914124,1160.47149,0.00201108,0.00200488
2020-02-27 11:26:13.490157,1160.46382,0.00201108,0.00200488
2020-02-27 11:26:14.049189,1160.46029,0.00201108,0.00200488
2020-02-27 11:26:14.630223,1160.45204,0.00201108,0.00200488
2020-02-27 11:26:15.202255,1160.44592,0.00201108,0.00200488
2020-02-27 11:26:15.756287,1160.44187,0.00201108,0.00200488
2020-02-27 11:26:16.308319,1160.43678,0.00201108,0.00200488
2020-02-27 11:26:16.883352,1160.43037,0.00201108,0.00200488
2020-02-27 11:26:17.438383,1160.42875,0.00201108,0.00200488
2020-02-27 11:26:17.994415,1160.42131,0.00201108,0.00200488
2020-02-27 11:26:18.552447,1160.41364,0.00201108,0.00200488
2020-02-27 11:26:19.120479,1160.41534,0.00201108,0.00200488
2020-02-27 11:26:19.674511,1160.40642,0.00201108,0.00200488
2020-02-27 11:26:20.229543,1160.40119,0.00201108,0.00200488
2020-02-27 11:26:20.803576,1160.39339,0.00201108,0.00200488
2020-02-27 11:26:21.378609,1160.38616,0.00201108,0.00200488
2020-02-27 11:26:21.932640,1160.38447,0.00201108,0.00200488
2020-02-27 11:26:22.486672,1160.37511,0.00201108,0.00200488
2020-02-27 11:26:23.065705,1160.37076,0.00201108,0.00200488
2020-02-27 11:26:23.642738,1160.36612,0.00201108,0.00200488
2020-02-27 11:26:24.194770,1160.35713,0.00201108,0.00200488
2020-02-27 11:26:24.750802,1160.35742,0.00201084,0.00200488
2020-02-27 11:26:25.324834,1160.35108,0.00201108,0.00200488
2020-02-27 11:26:25.878866,1160.34099,0.00201108,0.00200464
2020-02-27 11:26:26.436898,1160.33413,0.00201108,0.00200464
2020-02-27 11:26:26.991930,1160.33332,0.00201108,0.00200464
2020-02-27 11:26:27.564962,1160.32484,0.00201084,0.00200464
2020-02-27 11:26:28.116994,1160.31895,0.00201084,0.00200464
2020-02-27 11:26:28.669026,1160.31172,0.00201084,0.00200464
2020-02-27 11:26:29.241058,1160.31062,0.00201084,0.00200488
2020-02-27 11:26:29.814091,1160.30421,0.00201084,0.00200488
2020-02-27 11:26:30.367123,1160.29831,0.00201084,0.00200488
2020-02-27 11:26:30.925155,1160.29352,0.00201084,0.00200488
2020-02-27 11:26:31.504188,1160.28342,0.00201084,0.00200488
2020-02-27 11:26:32.076221,1160.27807,0.00201084,0.00200464
2020-02-27 11:26:32.629252,1160.27003,0.00201084,0.00200488
2020-02-27 11:26:33.183284,1160.26451,0.00201084,0.00200488
2020-02-27 11:26:33.759317,1160.26222,0.00201084,0.00200464
2020-02-27 11:26:34.333350,1160.2553,0.00201084,0.00200464
2020-02-27 11:26:34.887381,1160.25132,0.00201084,0.00200464
2020-02-27 11:26:35.437413,1160.24314,0.00201084,0.00200464
2020-02-27 11:26:35.992445,1160.2351,0.00201084,0.00200464
2020-02-27 11:26:36.547476,1160.23126,0.00201084,0.00200464
2020-02-27 11:26:37.102508,1160.22153,0.00201084,0.00200464
2020-02-27 11:26:37.667540,1160.22028,0.00201084,0.00200464
2020-02-27 11:26:38.375581,1160.21077,0.00201084,0.00200464
2020-02-27 11:26:38.934613,1160.2065,0.00201084,0.00200464
2020-02-27 11:26:39.501645,1160.20038,0.00201084,0.00200464
2020-02-27 11:26:40.060677,1160.19685,0.00201084,0.00200464
2020-02-27 11:26:40.608709,1160.18609,0.00201084,0.00200464
2020-02-27 11:26:41.163740,1160.18329,0.00201084,0.00200464
2020-02-27 11:26:41.737773,1160.1771,0.00201084,0.00200464
2020-02-27 11:26:42.307806,1160.17223,0.00201084,0.00200464
2020-02-27 11:26:42.859837,1160.1628,0.00201084,0.00200464
2020-02-27 11:26:43.415869,1160.15745,0.00201084,0.00200464
2020-02-27 11:26:43.987902,1160.14993,0.00201084,0.00200464
2020-02-27 11:26:44.563935,1160.14699,0.00201084,0.00200464
2020-02-27 11:26:45.120967,1160.1391,0.00201084,0.00200464
2020-02-27 11:26:45.678999,1160.13495,0.00201084,0.00200464
2020-02-27 11:26:46.252031,1160.12493,0.00201084,0.00200464
2020-02-27 11:26:46.828064,1160.11999,0.00201084,0.00200464
2020-02-27 11:26:47.388096,1160.11394,0.00201084,0.0020044
2020-02-27 11:26:47.945128,1160.11012,0.00201084,0.0020044
2020-02-27 11:26:48.519161,1160.10275,0.00201084,0.0020044
2020-02-27 11:26:49.094194,1160.09155,0.00201084,0.0020044
2020-02-27 11:26:49.653226,1160.08492,0.00201084,0.0020044
2020-02-27 11:26:50.209258,1160.07765,0.00201084,0.0020044
2020-02-27 11:26:50.780290,1160.07721,0.00201084,0.0020044
2020-02-27 11:26:51.337322,1160.06682,0.00201084,0.0020044
2020-02-27 11:26:51.890354,1160.05952,0.00201084,0.0020044
2020-02-27 11:26:52.454386,1160.0566,0.00201084,0.0020044
2020-02-27 11:26:53.010418,1160.05174,0.00201084,0.0020044
2020-02-27 11:26:53.563450,1160.04437,0.0020106,0.0020044
2020-02-27 11:26:54.120481,1160.0381,0.00201084,0.0020044
2020-02-27 11:26:54.691514,1160.02938,0.00201084,0.0020044
2020-02-27 11:26:55.268547,1160.02142,0.00201084,0.0020044
2020-02-27 11:26:55.826579,1160.01538,0.00201084,0.0020044
2020-02-27 11:26:56.412612,1160.00779,0.00201084,0.0020044
2020-02-27 11:26:56.967644,1160.00492,0.0020106,0.0020044
2020-02-27 11:26:57.531676,1159.99209,0.0020106,0.00200416
2020-02-27 11:26:58.091709,1159.98494,0.0020106,0.00200416
2020-02-27 11:26:58.667741,1159.98259,0.0020106,0.00200416
2020-02-27 11:26:59.225773,1159.97873,0.0020106,0.0020044
2020-02-27 11:26:59.775805,1159.97269,0.0020106,0.0020044
2020-02-27 11:27:00.342837,1159.96126,0.0020106,0.00200416
2020-02-27 11:27:00.895869,1159.95552,0.0020106,0.00200416
2020-02-27 11:27:01.449901,1159.94567,0.0020106,0.00200416
2020-02-27 11:27:02.011933,1159.94368,0.0020106,0.00200416
2020-02-27 11:27:02.577965,1159.93698,0.0020106,0.00200416
2020-02-27 11:27:03.149998,1159.93314,0.0020106,0.00200416
2020-02-27 11:27:03.704030,1159.91833,0.0020106,0.00200416
2020-02-27 11:27:04.260061,1159.91266,0.0020106,0.00200416
2020-02-27 11:27:04.818093,1159.90691,0.0020106,0.00200416
2020-02-27 11:27:05.378125,1159.90204,0.0020106,0.00200416
2020-02-27 11:27:05.934157,1159.89151,0.0020106,0.00200416
2020-02-27 11:27:06.496189,1159.88848,0.00201036,0.00200416
2020-02-27 11:27:07.057221,1159.88214,0.0020106,0.00200416
2020-02-27 11:27:07.613253,1159.87057,0.00201036,0.00200416
2020-02-27 11:27:08.178285,1159.86699,0.0020106,0.00200416
2020-02-27 11:27:08.740318,1159.85879,0.00201036,0.00200416
2020-02-27 11:27:09.296349,1159.85584,0.00201036,0.00200416
2020-02-27 11:27:09.857381,1159.84501,0.00201036,0.00200416
2020-02-27 11:27:10.417413,1159.83584,0.00201036,0.00200416
2020-02-27 11:27:10.973445,1159.83306,0.00201036,0.00200416
2020-02-27 11:27:11.550478,1159.82392,0.00201036,0.00200416
2020-02-27 11:27:12.110510,1159.81913,0.00201036,0.00200416
2020-02-27 11:27:12.658542,1159.81213,0.0020106,0.00200416
2020-02-27 11:27:13.218574,1159.80306,0.00201036,0.00200416
2020-02-27 11:27:13.790606,1159.794,0.00201036,0.00200416
2020-02-27 11:27:14.343638,1159.78892,0.00201036,0.00200416
2020-02-27 11:27:14.901670,1159.77823,0.00201036,0.00200416
2020-02-27 11:27:15.463702,1159.77042,0.00201036,0.00200416
2020-02-27 11:27:16.022734,1159.76614,0.00201036,0.00200416
2020-02-27 11:27:16.578766,1159.75656,0.00201036,0.00200416
2020-02-27 11:27:17.143798,1159.75008,0.00201036,0.00200416
2020-02-27 11:27:17.749833,1159.74598,0.00201036,0.00200416
2020-02-27 11:27:18.307865,1159.73662,0.00201036,0.00200416
2020-02-27 11:27:18.881898,1159.72895,0.00201036,0.00200416
2020-02-27 11:27:19.434929,1159.71819,0.00201036,0.00200392
2020-02-27 11:27:19.984961,1159.71259,0.00201036,0.00200416
2020-02-27 11:27:20.542993,1159.70721,0.00201036,0.00200416
2020-02-27 11:27:21.113025,1159.69454,0.00201036,0.00200416
2020-02-27 11:27:21.667057,1159.6879,0.00201036,0.00200392
2020-02-27 11:27:22.224089,1159.68304,0.00201036,0.00200416
2020-02-27 11:27:22.778120,1159.67538,0.00201036,0.00200416
2020-02-27 11:27:23.353153,1159.66955,0.00201036,0.00200416
2020-02-27 11:27:23.909185,1159.65968,0.00201036,0.00200392
2020-02-27 11:27:24.477218,1159.65279,0.00201036,0.00200416
2020-02-27 11:27:25.035250,1159.6438,0.00201036,0.00200416
2020-02-27 11:27:25.594282,1159.6365,0.00201036,0.00200416
2020-02-27 11:27:26.150313,1159.62936,0.00201036,0.00200392
2020-02-27 11:27:26.708345,1159.61875,0.00201036,0.00200392
2020-02-27 11:27:27.270377,1159.61477,0.00201036,0.00200392
2020-02-27 11:27:27.840410,1159.60733,0.00201036,0.00200392
2020-02-27 11:27:28.393442,1159.60283,0.00201036,0.00200392
2020-02-27 11:27:28.961474,1159.58979,0.00201036,0.00200392
2020-02-27 11:27:29.525506,1159.58242,0.00201036,0.00200392
2020-02-27 11:27:30.095539,1159.5707,0.00201036,0.00200392
2020-02-27 11:27:30.648571,1159.56466,0.00201036,0.00200392
2020-02-27 11:27:31.201602,1159.56068,0.00201036,0.00200392
2020-02-27 11:27:31.759634,1159.55169,0.00201036,0.00200392
2020-02-27 11:27:32.336667,1159.54321,0.00201012,0.00200392
2020-02-27 11:27:32.902700,1159.53422,0.00201012,0.00200392
2020-02-27 11:27:33.461732,1159.52346,0.00201012,0.00200392
2020-02-27 11:27:34.021764,1159.51609,0.00201012,0.00200392
2020-02-27 11:27:34.579796,1159.51175,0.00201012,0.00200392
2020-02-27 11:27:35.134827,1159.50342,0.00201012,0.00200368
2020-02-27 11:27:35.700860,1159.49445,0.00201012,0.00200392
2020-02-27 11:27:36.261892,1159.48649,0.00201012,0.00200392
2020-02-27 11:27:36.827924,1159.48221,0.00201012,0.00200392
2020-02-27 11:27:37.380956,1159.46674,0.00201012,0.00200392
2020-02-27 11:27:37.941988,1159.46366,0.00201012,0.00200392
2020-02-27 11:27:38.514021,1159.45474,0.00201012,0.00200368
2020-02-27 11:27:39.087053,1159.44612,0.00201012,0.00200368
2020-02-27 11:27:39.645085,1159.43808,0.00201012,0.00200368
2020-02-27 11:27:40.200117,1159.43203,0.00201012,0.00200368
2020-02-27 11:27:40.755149,1159.41634,0.00201012,0.00200368
2020-02-27 11:27:41.310180,1159.4128,0.00201012,0.00200368
2020-02-27 11:27:41.909215,1159.40263,0.00200988,0.00200368
2020-02-27 11:27:42.463246,1159.39437,0.00200988,0.00200368
2020-02-27 11:27:43.039279,1159.39084,0.00200988,0.00200368
2020-02-27 11:27:43.599311,1159.3803,0.00200988,0.00200368
2020-02-27 11:27:44.159343,1159.37101,0.00200988,0.00200368
2020-02-27 11:27:44.719375,1159.3626,0.00201012,0.00200368
2020-02-27 11:27:45.274407,1159.35132,0.00200988,0.00200368
2020-02-27 11:27:45.825439,1159.34447,0.00200988,0.00200368
2020-02-27 11:27:46.400472,1159.33555,0.00200988,0.00200368
2020-02-27 11:27:46.957503,1159.32853,0.00200988,0.00200368
2020-02-27 11:27:47.516535,1159.3191,0.00200988,0.00200368
2020-02-27 11:27:48.066567,1159.3076,0.00200988,0.00200368
2020-02-27 11:27:48.623599,1159.30024,0.00200988,0.00200368
2020-02-27 11:27:49.179631,1159.29514,0.00200988,0.00200368
2020-02-27 11:27:49.731662,1159.28316,0.00200988,0.00200368
2020-02-27 11:27:50.292694,1159.27587,0.00200988,0.00200368
2020-02-27 11:27:50.848726,1159.26945,0.00200988,0.00200368
2020-02-27 11:27:51.420759,1159.26142,0.00200988,0.00200368
2020-02-27 11:27:51.974790,1159.25059,0.00200988,0.00200368
2020-02-27 11:27:52.538823,1159.24049,0.00200988,0.00200368
2020-02-27 11:27:53.091854,1159.23312,0.00200988,0.00200368
2020-02-27 11:27:53.657887,1159.22246,0.00200988,0.00200368
2020-02-27 11:27:54.214919,1159.21268,0.00200988,0.00200368
2020-02-27 11:27:54.768950,1159.20737,0.00200988,0.00200345
2020-02-27 11:27:55.342983,1159.19374,0.00200988,0.00200345
2020-02-27 11:27:55.895015,1159.1874,0.00200988,0.00200368
2020-02-27 11:27:56.442046,1159.17885,0.00200988,0.00200368
2020-02-27 11:27:57.004078,1159.17037,0.00200988,0.00200368
2020-02-27 11:27:57.576111,1159.16072,0.00200988,0.00200345
2020-02-27 11:27:58.142143,1159.15127,0.00200988,0.00200345
2020-02-27 11:27:58.699175,1159.14265,0.00200988,0.00200345
2020-02-27 11:27:59.249207,1159.13285,0.00200988,0.00200345
2020-02-27 11:27:59.808238,1159.12666,0.00200988,0.00200345
2020-02-27 11:28:00.362270,1159.11649,0.00200988,0.00200345
2020-02-27 11:28:00.918302,1159.10786,0.00200988,0.00200345
2020-02-27 11:28:01.511336,1159.09799,0.00200988,0.00200345
2020-02-27 11:28:02.064368,1159.09165,0.00200988,0.00200345
2020-02-27 11:28:02.621399,1159.08178,0.00200988,0.00200345
2020-02-27 11:28:03.176431,1159.07269,0.00200988,0.00200345
2020-02-27 11:28:03.749464,1159.06576,0.00200988,0.00200345
2020-02-27 11:28:04.326497,1159.05272,0.00200965,0.00200321
2020-02-27 11:28:04.885529,1159.04122,0.00200988,0.00200321
2020-02-27 11:28:05.445561,1159.03118,0.00200965,0.00200345
2020-02-27 11:28:06.017594,1159.02528,0.00200965,0.00200321
2020-02-27 11:28:06.590626,1159.01379,0.00200965,0.00200345
2020-02-27 11:28:07.156659,1159.00428,0.00200965,0.00200321
2020-02-27 11:28:07.710690,1158.99868,0.00200965,0.00200321
2020-02-27 11:28:08.267722,1158.9874,0.00200965,0.00200321
2020-02-27 11:28:08.830755,1158.97996,0.00200965,0.00200321
2020-02-27 11:28:09.394787,1158.96928,0.00200965,0.00200321
2020-02-27 11:28:09.967820,1158.96065,0.00200965,0.00200321
2020-02-27 11:28:10.525852,1158.95247,0.00200965,0.00200321
2020-02-27 11:28:11.118885,1158.93972,0.00200965,0.00200321
2020-02-27 11:28:11.677917,1158.93059,0.00200965,0.00200321
2020-02-27 11:28:12.233949,1158.92376,0.00200965,0.00200321
2020-02-27 11:28:12.810982,1158.91646,0.00200965,0.00200321
2020-02-27 11:28:13.380015,1158.90312,0.00200965,0.00200321
2020-02-27 11:28:13.933046,1158.89229,0.00200965,0.00200321
2020-02-27 11:28:14.513080,1158.87762,0.00200941,0.00200321
2020-02-27 11:28:15.084112,1158.87364,0.00200941,0.00200321
2020-02-27 11:28:15.648144,1158.86074,0.00200941,0.00200321
2020-02-27 11:28:16.200176,1158.85492,0.00200941,0.00200321
2020-02-27 11:28:16.773209,1158.84467,0.00200941,0.00200321
2020-02-27 11:28:17.329241,1158.83495,0.00200941,0.00200321
2020-02-27 11:28:17.901273,1158.8222,0.00200941,0.00200321
2020-02-27 11:28:18.459305,1158.81542,0.00200941,0.00200321
2020-02-27 11:28:19.019337,1158.80554,0.00200941,0.00200321
2020-02-27 11:28:19.591370,1158.79906,0.00200941,0.00200321
2020-02-27 11:28:20.169403,1158.79051,0.00200941,0.00200321
2020-02-27 11:28:20.726435,1158.77496,0.00200941,0.00200321
2020-02-27 11:28:21.288467,1158.76728,0.00200941,0.00200321
2020-02-27 11:28:21.883501,1158.7602,0.00200941,0.00200321
2020-02-27 11:28:22.445533,1158.7493,0.00200941,0.00200321
2020-02-27 11:28:22.997565,1158.73831,0.00200941,0.00200321
2020-02-27 11:28:23.571598,1158.72725,0.00200917,0.00200321
2020-02-27 11:28:24.144630,1158.71929,0.00200917,0.00200321
2020-02-27 11:28:24.697662,1158.70772,0.00200917,0.00200321
2020-02-27 11:28:25.247694,1158.70072,0.00200941,0.00200321
2020-02-27 11:28:25.804725,1158.68791,0.00200917,0.00200321
2020-02-27 11:28:26.364757,1158.67811,0.00200941,0.00200321
2020-02-27 11:28:26.920789,1158.66875,0.00200917,0.00200321
2020-02-27 11:28:27.486822,1158.66043,0.00200917,0.00200297
2020-02-27 11:28:28.047854,1158.64761,0.00200917,0.00200321
2020-02-27 11:28:28.605886,1158.64371,0.00200917,0.00200297
2020-02-27 11:28:29.169918,1158.6297,0.00200917,0.00200321
2020-02-27 11:28:29.731950,1158.62197,0.00200917,0.00200297
2020-02-27 11:28:30.286982,1158.60951,0.00200917,0.00200297
2020-02-27 11:28:30.848014,1158.60376,0.00200917,0.00200297
2020-02-27 11:28:31.419047,1158.59241,0.00200917,0.00200297
2020-02-27 11:28:31.981079,1158.57937,0.00200917,0.00200297
2020-02-27 11:28:32.555112,1158.57018,0.00200917,0.00200273
2020-02-27 11:28:33.127144,1158.55979,0.00200917,0.00200297
2020-02-27 11:28:33.682176,1158.54697,0.00200917,0.00200297
2020-02-27 11:28:34.239208,1158.53945,0.00200917,0.00200297
2020-02-27 11:28:34.788239,1158.52832,0.00200917,0.00200273
2020-02-27 11:28:35.369272,1158.52154,0.00200917,0.00200273
2020-02-27 11:28:35.939305,1158.50961,0.00200917,0.00200297
2020-02-27 11:28:36.496337,1158.4984,0.00200917,0.00200273
2020-02-27 11:28:37.058369,1158.49007,0.00200917,0.00200273
2020-02-27 11:28:37.624401,1158.47607,0.00200917,0.00200273
2020-02-27 11:28:38.184433,1158.47039,0.00200917,0.00200273
2020-02-27 11:28:38.739465,1158.45801,0.00200917,0.00200273
2020-02-27 11:28:39.292497,1158.44896,0.00200917,0.00200273
2020-02-27 11:28:39.852529,1158.44071,0.00200917,0.00200273
2020-02-27 11:28:40.408561,1158.4259,0.00200917,0.00200273
2020-02-27 11:28:40.971593,1158.41794,0.00200917,0.00200273
2020-02-27 11:28:41.542626,1158.40731,0.00200917,0.00200273
2020-02-27 11:28:42.103658,1158.39552,0.00200893,0.00200249
2020-02-27 11:28:42.677690,1158.38719,0.00200893,0.00200249
2020-02-27 11:28:43.236722,1158.37474,0.00200893,0.00200249
2020-02-27 11:28:43.807755,1158.36373,0.00200893,0.00200273
2020-02-27 11:28:44.379788,1158.35739,0.00200893,0.00200273
2020-02-27 11:28:44.932819,1158.34634,0.00200893,0.00200273
2020-02-27 11:28:45.490851,1158.33337,0.00200893,0.00200249
2020-02-27 11:28:46.052884,1158.32157,0.00200893,0.00200249
2020-02-27 11:28:46.609915,1158.31096,0.00200893,0.00200249
2020-02-27 11:28:47.173948,1158.30307,0.00200893,0.00200249
2020-02-27 11:28:47.735980,1158.29659,0.00200893,0.00200249
2020-02-27 11:28:48.293012,1158.28032,0.00200893,0.00200249
2020-02-27 11:28:48.857044,1158.27045,0.00200893,0.00200249
2020-02-27 11:28:49.419076,1158.25858,0.00200893,0.00200249
2020-02-27 11:28:49.974108,1158.25143,0.00200893,0.00200249
2020-02-27 11:28:50.539140,1158.23584,0.00200893,0.00200249
2020-02-27 11:28:51.100172,1158.22519,0.00200893,0.00200249
2020-02-27 11:28:51.654204,1158.21745,0.00200893,0.00200249
2020-02-27 11:28:52.218236,1158.2089,0.00200869,0.00200249
2020-02-27 11:28:52.777268,1158.19355,0.00200869,0.00200249
2020-02-27 11:28:53.333300,1158.17993,0.00200869,0.00200249
2020-02-27 11:28:53.905333,1158.17337,0.00200869,0.00200249
2020-02-27 11:28:54.481366,1158.16313,0.00200869,0.00200249
2020-02-27 11:28:55.035397,1158.15611,0.00200869,0.00200249
2020-02-27 11:28:55.621431,1158.1391,0.00200869,0.00200249
2020-02-27 11:28:56.186463,1158.12959,0.00200869,0.00200249
2020-02-27 11:28:56.746495,1158.12244,0.00200869,0.00200249
2020-02-27 11:28:57.306527,1158.11062,0.00200869,0.00200249
2020-02-27 11:28:57.857559,1158.09604,0.00200869,0.00200249
2020-02-27 11:28:58.434592,1158.08919,0.00200869,0.00200249
2020-02-27 11:28:59.008625,1158.07762,0.00200869,0.00200249
2020-02-27 11:28:59.563656,1158.06331,0.00200869,0.00200225
2020-02-27 11:29:00.117688,1158.05395,0.00200869,0.00200225
2020-02-27 11:29:00.669720,1158.04091,0.00200869,0.00200225
2020-02-27 11:29:01.243752,1158.03148,0.00200869,0.00200225
2020-02-27 11:29:01.816785,1158.02174,0.00200869,0.00200225
2020-02-27 11:29:02.374817,1158.01125,0.00200869,0.00200225
2020-02-27 11:29:02.928849,1158.00041,0.00200869,0.00200249
2020-02-27 11:29:03.484881,1157.98766,0.00200869,0.00200249
2020-02-27 11:29:04.038912,1157.97322,0.00200869,0.00200249
2020-02-27 11:29:04.613945,1157.96335,0.00200869,0.00200225
2020-02-27 11:29:05.188978,1157.95392,0.00200869,0.00200225
2020-02-27 11:29:05.752010,1157.94139,0.00200869,0.00200225
2020-02-27 11:29:06.335044,1157.9245,0.00200845,0.00200225
2020-02-27 11:29:06.899076,1157.91749,0.00200845,0.00200225
2020-02-27 11:29:07.459108,1157.91358,0.00200845,0.00200225
2020-02-27 11:29:08.032141,1157.8984,0.00200845,0.00200225
2020-02-27 11:29:08.610174,1157.88381,0.00200845,0.00200225
2020-02-27 11:29:09.232209,1157.87025,0.00200845,0.00200225
2020-02-27 11:29:09.791241,1157.86089,0.00200845,0.00200202
2020-02-27 11:29:10.347273,1157.85278,0.00200845,0.00200202
2020-02-27 11:29:10.917306,1157.83609,0.00200845,0.00200202
2020-02-27 11:29:11.473338,1157.82423,0.00200845,0.00200202
2020-02-27 11:29:12.028369,1157.81671,0.00200845,0.00200202
2020-02-27 11:29:12.595402,1157.80426,0.00200845,0.00200202
2020-02-27 11:29:13.148433,1157.78964,0.00200821,0.00200202
2020-02-27 11:29:13.711466,1157.78012,0.00200845,0.00200202
2020-02-27 11:29:14.290499,1157.76907,0.00200845,0.00200202
2020-02-27 11:29:14.865532,1157.75683,0.00200845,0.00200202
2020-02-27 11:29:15.419563,1157.74475,0.00200821,0.00200202
2020-02-27 11:29:16.022598,1157.73015,0.00200821,0.00200202
2020-02-27 11:29:16.579630,1157.72301,0.00200821,0.00200202
2020-02-27 11:29:17.137661,1157.71063,0.00200821,0.00200202
2020-02-27 11:29:17.709694,1157.69716,0.00200821,0.00200202
2020-02-27 11:29:18.266726,1157.68521,0.00200821,0.00200202
2020-02-27 11:29:18.816758,1157.67983,0.00200821,0.00200202
2020-02-27 11:29:19.380790,1157.66391,0.00200821,0.00200202
2020-02-27 11:29:19.935822,1157.65625,0.00200821,0.00200202
2020-02-27 11:29:20.487853,1157.64335,0.00200821,0.00200202
2020-02-27 11:29:21.064886,1157.62714,0.00200821,0.00200202
2020-02-27 11:29:21.636919,1157.62279,0.00200821,0.00200202
2020-02-27 11:29:22.191951,1157.60531,0.00200821,0.00200202
2020-02-27 11:29:22.743982,1157.59617,0.00200821,0.00200202
2020-02-27 11:29:23.317015,1157.58327,0.00200821,0.00200202
2020-02-27 11:29:23.875047,1157.57259,0.00200821,0.00200202
2020-02-27 11:29:24.446079,1157.56039,0.00200821,0.00200178
2020-02-27 11:29:25.002111,1157.54424,0.00200821,0.00200202
2020-02-27 11:29:25.563143,1157.53267,0.00200821,0.00200178
2020-02-27 11:29:26.123175,1157.52567,0.00200821,0.00200202
2020-02-27 11:29:26.680207,1157.51012,0.00200821,0.00200178
2020-02-27 11:29:27.245240,1157.50113,0.00200821,0.00200178
2020-02-27 11:29:27.805272,1157.48403,0.00200821,0.00200178
2020-02-27 11:29:28.363304,1157.47718,0.00200821,0.00200178
2020-02-27 11:29:28.925336,1157.46096,0.00200821,0.00200178
2020-02-27 11:29:29.479367,1157.45212,0.00200821,0.00200178
2020-02-27 11:29:30.048400,1157.43797,0.00200821,0.00200178
2020-02-27 11:29:30.604432,1157.42316,0.00200821,0.00200154
2020-02-27 11:29:31.163464,1157.41372,0.00200821,0.00200154
2020-02-27 11:29:31.736496,1157.40102,0.00200798,0.00200154
2020-02-27 11:29:32.308529,1157.39402,0.00200821,0.00200154
2020-02-27 11:29:32.865561,1157.37979,0.00200821,0.00200154
2020-02-27 11:29:33.414592,1157.36815,0.00200821,0.00200154
2020-02-27 11:29:33.991625,1157.35533,0.00200821,0.00200154
2020-02-27 11:29:34.569659,1157.34265,0.00200798,0.00200154
2020-02-27 11:29:35.125690,1157.3285,0.00200798,0.00200154
2020-02-27 11:29:35.689723,1157.31575,0.00200798,0.00200154
2020-02-27 11:29:36.249755,1157.30782,0.00200798,0.00200154
2020-02-27 11:29:36.804786,1157.2925,0.00200774,0.00200154
2020-02-27 11:29:37.374819,1157.28188,0.00200798,0.00200154
2020-02-27 11:29:37.928851,1157.26523,0.00200798,0.00200154
2020-02-27 11:29:38.487883,1157.2584,0.00200774,0.00200154
2020-02-27 11:29:39.045915,1157.24344,0.00200774,0.00200154
2020-02-27 11:29:39.617947,1157.2329,0.00200774,0.00200154
2020-02-27 11:29:40.181980,1157.22185,0.00200774,0.00200154
2020-02-27 11:29:40.741012,1157.21057,0.00200774,0.00200154
2020-02-27 11:29:41.325045,1157.19207,0.00200774,0.00200154
2020-02-27 11:29:41.892077,1157.18109,0.00200774,0.00200154
2020-02-27 11:29:42.451109,1157.17262,0.00200774,0.00200154
2020-02-27 11:29:43.017142,1157.15987,0.00200774,0.00200154
2020-02-27 11:29:43.582174,1157.14528,0.00200774,0.00200154
2020-02-27 11:29:44.153207,1157.13179,0.00200774,0.00200154
2020-02-27 11:29:44.743240,1157.11926,0.00200774,0.00200154
2020-02-27 11:29:45.315273,1157.10754,0.00200774,0.0020013
2020-02-27 11:29:45.872305,1157.09354,0.0020075,0.0020013
2020-02-27 11:29:46.457338,1157.0802,0.0020075,0.0020013
2020-02-27 11:29:47.032371,1157.06753,0.0020075,0.00200154
2020-02-27 11:29:47.585403,1157.05901,0.0020075,0.00200154
2020-02-27 11:29:48.132434,1157.04531,0.0020075,0.0020013
2020-02-27 11:29:48.692466,1157.03344,0.0020075,0.0020013
2020-02-27 11:29:49.263499,1157.01789,0.0020075,0.0020013
2020-02-27 11:29:49.840532,1157.00851,0.0020075,0.0020013
2020-02-27 11:29:50.398564,1156.99127,0.0020075,0.0020013
2020-02-27 11:29:50.957596,1156.98081,0.0020075,0.0020013
2020-02-27 11:29:51.528629,1156.9685,0.0020075,0.0020013
2020-02-27 11:29:52.104661,1156.95656,0.0020075,0.0020013
2020-02-27 11:29:52.661693,1156.94241,0.0020075,0.0020013
2020-02-27 11:29:53.221725,1156.93386,0.0020075,0.0020013
2020-02-27 11:29:53.783758,1156.92001,0.0020075,0.0020013
2020-02-27 11:29:54.334789,1156.90814,0.0020075,0.0020013
2020-02-27 11:29:54.903822,1156.89355,0.0020075,0.0020013
2020-02-27 11:29:55.475854,1156.88028,0.0020075,0.00200106
2020-02-27 11:29:56.028886,1156.8679,0.0020075,0.00200106
2020-02-27 11:29:56.584918,1156.85508,0.0020075,0.00200106
2020-02-27 11:29:57.137949,1156.84336,0.0020075,0.00200106
2020-02-27 11:29:57.709982,1156.82958,0.0020075,0.00200106
2020-02-27 11:29:58.270014,1156.81565,0.0020075,0.00200106
2020-02-27 11:29:58.846047,1156.80001,0.0020075,0.00200106
2020-02-27 11:29:59.420080,1156.78711,0.0020075,0.00200106
2020-02-27 11:29:59.994113,1156.77584,0.0020075,0.00200106
2020-02-27 11:30:00.558145,1156.76051,0.00200726,0.00200082
2020-02-27 11:30:01.120177,1156.74813,0.00200726,0.00200082
2020-02-27 11:30:01.686210,1156.73619,0.00200726,0.00200082
2020-02-27 11:30:02.258242,1156.7241,0.00200726,0.00200082
2020-02-27 11:30:02.805274,1156.7084,0.00200726,0.00200082
2020-02-27 11:30:03.359305,1156.69357,0.00200726,0.00200082
2020-02-27 11:30:03.914337,1156.68347,0.00200726,0.00200082
2020-02-27 11:30:04.482369,1156.67102,0.00200726,0.00200082
2020-02-27 11:30:05.038401,1156.65399,0.00200726,0.00200082
2020-02-27 11:30:05.591433,1156.64439,0.00200726,0.00200082
2020-02-27 11:30:06.153465,1156.63075,0.00200726,0.00200082
2020-02-27 11:30:06.713497,1156.62095,0.00200726,0.00200082
2020-02-27 11:30:07.264529,1156.6043,0.00200726,0.00200082
2020-02-27 11:30:07.824561,1156.59289,0.00200726,0.00200082
2020-02-27 11:30:08.396593,1156.58014,0.00200726,0.00200082
2020-02-27 11:30:08.974626,1156.56724,0.00200726,0.00200082
2020-02-27 11:30:09.530658,1156.55191,0.00200726,0.00200082
2020-02-27 11:30:10.087690,1156.54301,0.00200702,0.00200082
2020-02-27 11:30:10.655723,1156.52355,0.00200702,0.00200082
2020-02-27 11:30:11.211754,1156.51191,0.00200702,0.00200082
2020-02-27 11:30:11.774787,1156.50233,0.00200702,0.00200082
2020-02-27 11:30:12.336819,1156.48729,0.00200702,0.00200082
2020-02-27 11:30:12.892850,1156.47159,0.00200702,0.00200082
2020-02-27 11:30:13.464883,1156.46084,0.00200702,0.00200082
2020-02-27 11:30:14.038916,1156.44433,0.00200702,0.00200082
2020-02-27 11:30:14.593948,1156.43127,0.00200702,0.00200082
2020-02-27 11:30:15.147979,1156.41786,0.00200702,0.00200082
2020-02-27 11:30:15.723012,1156.40555,0.00200702,0.00200082
2020-02-27 11:30:16.276044,1156.38617,0.00200702,0.00200082
2020-02-27 11:30:16.856077,1156.37521,0.00200702,0.00200059
2020-02-27 11:30:17.414109,1156.36062,0.00200702,0.00200059
2020-02-27 11:30:17.974141,1156.35001,0.00200702,0.00200059
2020-02-27 11:30:18.532173,1156.33674,0.00200702,0.00200059
2020-02-27 11:30:19.091205,1156.32524,0.00200702,0.00200059
2020-02-27 11:30:19.655237,1156.3122,0.00200702,0.00200059
2020-02-27 11:30:20.215269,1156.2982,0.00200702,0.00200059
2020-02-27 11:30:20.772301,1156.28257,0.00200702,0.00200059
2020-02-27 11:30:21.335333,1156.2696,0.00200702,0.00200059
2020-02-27 11:30:21.907366,1156.25523,0.00200702,0.00200059
2020-02-27 11:30:22.457398,1156.24418,0.00200702,0.00200059
2020-02-27 11:30:23.011429,1156.23032,0.00200702,0.00200059
2020-02-27 11:30:23.583462,1156.21581,0.00200678,0.00200059
2020-02-27 11:30:24.157495,1156.20195,0.00200678,0.00200035
2020-02-27 11:30:24.711526,1156.18854,0.00200678,0.00200035
2020-02-27 11:30:25.266558,1156.17218,0.00200678,0.00200059
2020-02-27 11:30:25.837591,1156.16093,0.00200678,0.00200059
2020-02-27 11:30:26.416624,1156.14169,0.00200678,0.00200035
2020-02-27 11:30:26.969656,1156.13027,0.00200678,0.00200035
2020-02-27 11:30:27.536688,1156.11959,0.00200678,0.00200035
2020-02-27 11:30:28.102720,1156.10691,0.00200678,0.00200035
2020-02-27 11:30:28.672753,1156.09269,0.00200678,0.00200035
2020-02-27 11:30:29.235785,1156.07633,0.00200678,0.00200035
2020-02-27 11:30:29.799818,1156.05908,0.00200655,0.00200035
2020-02-27 11:30:30.365850,1156.04696,0.00200655,0.00200035
2020-02-27 11:30:30.919882,1156.03264,0.00200655,0.00200035
2020-02-27 11:30:31.469913,1156.01982,0.00200655,0.00200035
2020-02-27 11:30:32.034945,1156.00456,0.00200655,0.00200035
2020-02-27 11:30:32.584977,1155.98783,0.00200655,0.00200035
2020-02-27 11:30:33.142009,1155.9773,0.00200655,0.00200035
2020-02-27 11:30:33.698040,1155.9641,0.00200655,0.00200035
2020-02-27 11:30:34.262073,1155.94804,0.00200655,0.00200035
2020-02-27 11:30:34.823105,1155.9396,0.00200655,0.00200011
2020-02-27 11:30:35.379137,1155.92435,0.00200655,0.00200035
2020-02-27 11:30:35.945169,1155.90732,0.00200655,0.00200035
2020-02-27 11:30:36.517202,1155.8917,0.00200655,0.00200035
2020-02-27 11:30:37.095235,1155.87947,0.00200655,0.00200035
2020-02-27 11:30:37.654267,1155.86312,0.00200655,0.00200011
2020-02-27 11:30:38.212299,1155.85192,0.00200655,0.00200011
2020-02-27 11:30:38.784331,1155.83298,0.00200655,0.00200011
2020-02-27 11:30:39.342363,1155.82097,0.00200655,0.00200011
2020-02-27 11:30:39.897395,1155.80581,0.00200655,0.00200011
2020-02-27 11:30:40.460427,1155.79417,0.00200655,0.00200011
2020-02-27 11:30:41.009459,1155.77913,0.00200655,0.00200011
2020-02-27 11:30:41.560490,1155.76484,0.00200655,0.00200011
2020-02-27 11:30:42.116522,1155.7526,0.00200655,0.00200011
2020-02-27 11:30:42.689555,1155.73632,0.00200655,0.00200011
2020-02-27 11:30:43.264588,1155.72224,0.00200655,0.00200011
2020-02-27 11:30:43.822620,1155.70993,0.00200655,0.00200011
2020-02-27 11:30:44.381652,1155.69173,0.00200655,0.00200011
2020-02-27 11:30:44.952684,1155.67766,0.00200631,0.00200011
2020-02-27 11:30:45.522717,1155.66616,0.00200631,0.00200011
2020-02-27 11:30:46.080749,1155.65083,0.00200631,0.00200011
2020-02-27 11:30:46.638781,1155.6384,0.00200631,0.00200011
2020-02-27 11:30:47.210813,1155.6202,0.00200631,0.00199987
2020-02-27 11:30:47.785846,1155.60391,0.00200631,0.00199987
2020-02-27 11:30:48.344878,1155.58962,0.00200631,0.00199987
2020-02-27 11:30:48.903910,1155.57522,0.00200631,0.00199987
2020-02-27 11:30:49.476943,1155.56476,0.00200631,0.00199987
2020-02-27 11:30:50.051976,1155.54832,0.00200631,0.00199987
2020-02-27 11:30:50.609008,1155.53292,0.00200631,0.00199987
2020-02-27 11:30:51.167040,1155.51806,0.00200631,0.00199987
2020-02-27 11:30:51.739072,1155.50273,0.00200607,0.00199987
2020-02-27 11:30:52.301105,1155.48843,0.00200607,0.00199987
2020-02-27 11:30:52.861137,1155.47215,0.00200607,0.00199987
2020-02-27 11:30:53.421169,1155.45715,0.00200607,0.00199987
2020-02-27 11:30:53.981201,1155.44801,0.00200607,0.00199987
2020-02-27 11:30:54.536232,1155.43106,0.00200607,0.00199987
2020-02-27 11:30:55.107265,1155.4116,0.00200607,0.00199987
2020-02-27 11:30:55.700299,1155.39694,0.00200607,0.00199987
2020-02-27 11:30:56.260331,1155.38043,0.00200583,0.00199963
2020-02-27 11:30:56.815363,1155.36643,0.00200607,0.00199963
2020-02-27 11:30:57.376395,1155.34955,0.00200583,0.00199963
2020-02-27 11:30:57.929426,1155.33874,0.00200583,0.00199963
2020-02-27 11:30:58.482458,1155.32208,0.00200583,0.00199963
2020-02-27 11:30:59.044490,1155.30557,0.00200583,0.00199963
2020-02-27 11:30:59.614523,1155.29083,0.00200583,0.00199963
2020-02-27 11:31:00.168555,1155.27703,0.00200583,0.00199963
2020-02-27 11:31:00.721586,1155.26472,0.00200583,0.00199963
2020-02-27 11:31:01.296619,1155.24674,0.00200583,0.00199963
2020-02-27 11:31:01.873652,1155.22861,0.00200583,0.00199963
2020-02-27 11:31:02.433684,1155.21652,0.00200583,0.00199963
2020-02-27 11:31:02.998716,1155.20171,0.00200583,0.00199963
2020-02-27 11:31:03.563749,1155.18985,0.00200583,0.00199939
2020-02-27 11:31:04.137782,1155.16973,0.00200583,0.00199939
2020-02-27 11:31:04.698814,1155.15359,0.00200583,0.00199939
2020-02-27 11:31:05.260846,1155.14121,0.00200583,0.00199939
2020-02-27 11:31:05.827878,1155.12757,0.00200583,0.00199939
2020-02-27 11:31:06.398911,1155.11003,0.00200583,0.00199939
2020-02-27 11:31:06.961943,1155.09557,0.00200583,0.00199939
2020-02-27 11:31:07.511975,1155.08128,0.00200583,0.00199939
2020-02-27 11:31:08.082007,1155.06602,0.00200583,0.00199939
2020-02-27 11:31:08.641039,1155.0487,0.00200583,0.00199939
2020-02-27 11:31:09.191071,1155.03864,0.00200583,0.00199939
2020-02-27 11:31:09.756103,1155.02007,0.00200559,0.00199939
2020-02-27 11:31:10.308134,1155.00408,0.00200559,0.00199915
2020-02-27 11:31:10.862166,1154.9931,0.00200559,0.00199915
2020-02-27 11:31:11.416198,1154.97651,0.00200559,0.00199915
2020-02-27 11:31:11.989231,1154.96273,0.00200559,0.00199915
2020-02-27 11:31:12.562263,1154.94526,0.00200559,0.00199915
2020-02-27 11:31:13.114295,1154.92802,0.00200559,0.00199915
2020-02-27 11:31:13.667327,1154.91754,0.00200559,0.00199915
2020-02-27 11:31:14.243360,1154.90037,0.00200559,0.00199915
2020-02-27 11:31:14.819392,1154.88563,0.00200559,0.00199915
2020-02-27 11:31:15.381425,1154.87001,0.00200559,0.00199915
2020-02-27 11:31:15.957458,1154.85335,0.00200559,0.00199915
2020-02-27 11:31:16.517490,1154.83891,0.00200559,0.00199915
2020-02-27 11:31:17.085522,1154.82321,0.00200535,0.00199915
2020-02-27 11:31:17.638554,1154.807,0.00200535,0.00199915
2020-02-27 11:31:18.194586,1154.79017,0.00200559,0.00199892
2020-02-27 11:31:18.750617,1154.77491,0.00200535,0.00199892
2020-02-27 11:31:19.323650,1154.76202,0.00200535,0.00199915
2020-02-27 11:31:19.880682,1154.74919,0.00200535,0.00199892
2020-02-27 11:31:20.451715,1154.72821,0.00200535,0.00199892
2020-02-27 11:31:21.005746,1154.71473,0.00200535,0.00199892
2020-02-27 11:31:21.581779,1154.69977,0.00200535,0.00199892
2020-02-27 11:31:22.157812,1154.68016,0.00200535,0.00199892
2020-02-27 11:31:22.713844,1154.66634,0.00200535,0.00199892
2020-02-27 11:31:23.264876,1154.65049,0.00200535,0.00199892
2020-02-27 11:31:23.839908,1154.63856,0.00200535,0.00199892
2020-02-27 11:31:24.416941,1154.62212,0.00200535,0.00199892
2020-02-27 11:31:24.982974,1154.60399,0.00200535,0.00199892
2020-02-27 11:31:25.530005,1154.58859,0.00200535,0.00199892
2020-02-27 11:31:26.106038,1154.57923,0.00200535,0.00199892
2020-02-27 11:31:26.681071,1154.5583,0.00200535,0.00199868
2020-02-27 11:31:27.238103,1154.54584,0.00200535,0.00199868
2020-02-27 11:31:27.798135,1154.52734,0.00200535,0.00199868
2020-02-27 11:31:28.370168,1154.51142,0.00200535,0.00199868
