Date_Time,RTD,Rsamp
2020-12-16 15:31:38.387454,1096.79505,37.6722403
2020-12-16 15:31:38.938485,1096.79446,37.6714313
2020-12-16 15:31:39.481516,1096.79918,37.6760013
2020-12-16 15:31:40.042549,1096.79662,37.6747489
2020-12-16 15:31:40.590580,1096.79677,37.6738648
2020-12-16 15:31:41.136611,1096.79839,37.6781379
2020-12-16 15:31:41.717644,1096.79691,37.6746057
2020-12-16 15:31:42.286677,1096.79706,37.6770537
2020-12-16 15:31:42.833708,1096.80009,37.6719702
2020-12-16 15:31:43.418742,1096.80045,37.6705704
2020-12-16 15:31:43.964773,1096.80009,37.6787483
2020-12-16 15:31:44.504804,1096.79566,37.6727069
2020-12-16 15:31:45.045835,1096.79972,37.6749909
2020-12-16 15:31:45.608867,1096.79846,37.6773484
2020-12-16 15:31:46.148898,1096.7939,37.6707914
2020-12-16 15:31:46.689929,1096.79436,37.669981
2020-12-16 15:31:47.252961,1096.79451,37.6715281
2020-12-16 15:31:47.789992,1096.79893,37.6738879
2020-12-16 15:31:48.330023,1096.79952,37.6777942
2020-12-16 15:31:48.870053,1096.79296,37.6727106
2020-12-16 15:31:49.428085,1096.78441,37.6691005
2020-12-16 15:31:49.968116,1096.78567,37.6707214
2020-12-16 15:31:50.513147,1096.78235,37.6763943
2020-12-16 15:31:51.078180,1096.7864,37.6769837
2020-12-16 15:31:51.659213,1096.785,37.6721949
2020-12-16 15:31:52.218245,1096.78913,37.6755102
2020-12-16 15:31:52.760276,1096.79127,37.6763207
2020-12-16 15:31:53.320308,1096.79311,37.6752875
2020-12-16 15:31:53.868339,1096.80284,37.6731353
2020-12-16 15:31:54.421371,1096.81308,37.6785136
2020-12-16 15:31:54.976403,1096.81728,37.6774085
2020-12-16 15:31:55.520434,1096.83004,37.6753456
2020-12-16 15:31:56.072465,1096.84392,37.6774821
2020-12-16 15:31:56.622497,1096.85461,37.6793801
2020-12-16 15:31:57.165528,1096.87539,37.6771655
2020-12-16 15:31:57.717560,1096.88531,37.6802598
2020-12-16 15:31:58.274591,1096.90236,37.6784179
2020-12-16 15:31:58.820623,1096.92101,37.6755446
2020-12-16 15:31:59.367654,1096.94562,37.6757656
2020-12-16 15:31:59.921686,1096.96068,37.6816596
2020-12-16 15:32:00.470717,1096.97738,37.6794494
2020-12-16 15:32:01.018748,1097.0045,37.6806282
2020-12-16 15:32:01.572780,1097.02138,37.679081
2020-12-16 15:32:02.121811,1097.04695,37.6807029
2020-12-16 15:32:02.664842,1097.07134,37.6840945
2020-12-16 15:32:03.234875,1097.09434,37.6807792
2020-12-16 15:32:03.776906,1097.11578,37.6804108
2020-12-16 15:32:04.321937,1097.13914,37.685126
2020-12-16 15:32:04.887970,1097.1671,37.6840945
2020-12-16 15:32:05.445001,1097.18729,37.6830631
2020-12-16 15:32:05.982032,1097.21087,37.685126
2020-12-16 15:32:06.550065,1097.23784,37.6828421
2020-12-16 15:32:07.114097,1097.26374,37.6818843
2020-12-16 15:32:07.673129,1097.2871,37.6845366
2020-12-16 15:32:08.213160,1097.31385,37.685939
2020-12-16 15:32:08.760191,1097.33162,37.6867505
2020-12-16 15:32:09.301222,1097.35702,37.6860137
2020-12-16 15:32:09.863254,1097.38186,37.6815196
2020-12-16 15:32:10.405285,1097.40257,37.6836561
2020-12-16 15:32:10.949316,1097.42652,37.6866042
2020-12-16 15:32:11.511348,1097.45639,37.6863848
2020-12-16 15:32:12.058380,1097.48233,37.6881529
2020-12-16 15:32:12.598411,1097.50982,37.6882266
2020-12-16 15:32:13.155443,1097.53952,37.6894054
2020-12-16 15:32:13.705474,1097.569,37.688885
2020-12-16 15:32:14.248505,1097.60142,37.6894554
2020-12-16 15:32:14.819538,1097.639,37.6938022
2020-12-16 15:32:15.370569,1097.67334,37.6930655
2020-12-16 15:32:15.915600,1097.71063,37.69115
2020-12-16 15:32:16.471632,1097.74792,37.6873189
2020-12-16 15:32:17.029664,1097.78359,37.6916657
2020-12-16 15:32:17.577695,1097.82448,37.6951284
2020-12-16 15:32:18.140728,1097.86369,37.694981
2020-12-16 15:32:18.688759,1097.90643,37.6951284
2020-12-16 15:32:19.250791,1097.95382,37.6954231
2020-12-16 15:32:19.800823,1097.99612,37.6999342
2020-12-16 15:32:20.351854,1098.03274,37.7025978
2020-12-16 15:32:20.901886,1098.07651,37.6981774
2020-12-16 15:32:21.449917,1098.11343,37.7023768
2020-12-16 15:32:21.989948,1098.14991,37.7008296
2020-12-16 15:32:22.530979,1098.18799,37.7059151
2020-12-16 15:32:23.095011,1098.22853,37.7014254
2020-12-16 15:32:23.638042,1098.26751,37.7056248
2020-12-16 15:32:24.179073,1098.30317,37.7067299
2020-12-16 15:32:24.730105,1098.34643,37.7056985
2020-12-16 15:32:25.292137,1098.38755,37.7048144
2020-12-16 15:32:25.839168,1098.42226,37.701278
2020-12-16 15:32:26.387199,1098.45609,37.7110767
2020-12-16 15:32:26.936231,1098.49615,37.7038566
2020-12-16 15:32:27.491262,1098.53079,37.7082034
2020-12-16 15:32:28.052295,1098.5708,37.7116661
2020-12-16 15:32:28.598326,1098.60986,37.7152781
2020-12-16 15:32:29.140357,1098.64875,37.7141737
2020-12-16 15:32:29.702389,1098.6836,37.7120372
2020-12-16 15:32:30.265421,1098.7192,37.7188152
2020-12-16 15:32:30.826453,1098.76187,37.7129213
2020-12-16 15:32:31.382485,1098.79813,37.7129949
2020-12-16 15:32:31.951518,1098.84035,37.7140264
2020-12-16 15:32:32.491548,1098.87373,37.7179311
2020-12-16 15:32:33.040580,1098.90933,37.7211728
2020-12-16 15:32:33.598612,1098.94617,37.7211728
2020-12-16 15:32:34.146643,1098.98073,37.7211794
2020-12-16 15:32:34.687674,1099.02112,37.7181742
2020-12-16 15:32:35.249706,1099.05737,37.7187636
2020-12-16 15:32:35.797738,1099.09334,37.7214159
2020-12-16 15:32:36.351769,1099.12989,37.7219316
2020-12-16 15:32:36.913801,1099.16975,37.7237
2020-12-16 15:32:37.469833,1099.20682,37.7270175
2020-12-16 15:32:38.011864,1099.24293,37.7261337
2020-12-16 15:32:38.567896,1099.28125,37.725397
2020-12-16 15:32:39.115927,1099.31478,37.7251023
2020-12-16 15:32:39.653958,1099.35244,37.7248076
2020-12-16 15:32:40.199989,1099.3858,37.7259886
2020-12-16 15:32:40.746021,1099.42176,37.7331365
2020-12-16 15:32:41.293052,1099.46553,37.7349783
2020-12-16 15:32:41.848084,1099.50518,37.7280529
2020-12-16 15:32:42.396115,1099.54684,37.7275372
2020-12-16 15:32:42.942146,1099.59322,37.7271688
2020-12-16 15:32:43.494178,1099.63154,37.7297474
2020-12-16 15:32:44.037209,1099.67715,37.7405039
2020-12-16 15:32:44.594241,1099.72549,37.7373359
2020-12-16 15:32:45.139272,1099.76787,37.7393251
2020-12-16 15:32:45.714305,1099.82092,37.7343939
2020-12-16 15:32:46.287338,1099.86735,37.7366975
2020-12-16 15:32:46.837369,1099.91654,37.7386867
2020-12-16 15:32:47.381400,1099.95942,37.7428862
2020-12-16 15:32:47.936432,1100.00761,37.7408233
2020-12-16 15:32:48.485463,1100.05706,37.7431809
2020-12-16 15:32:49.045495,1100.10449,37.7418716
2020-12-16 15:32:49.588526,1100.1508,37.7485802
2020-12-16 15:32:50.129557,1100.20511,37.7518219
2020-12-16 15:32:50.686589,1100.2511,37.7494643
2020-12-16 15:32:51.233620,1100.3015,37.7479908
2020-12-16 15:32:51.788652,1100.35176,37.7476224
2020-12-16 15:32:52.336684,1100.40474,37.7479908
2020-12-16 15:32:52.928717,1100.46163,37.7534427
2020-12-16 15:32:53.464748,1100.51661,37.7535901
2020-12-16 15:32:54.006779,1100.56318,37.7544742
2020-12-16 15:32:54.549810,1100.62604,37.7549162
2020-12-16 15:32:55.094841,1100.67342,37.7555056
2020-12-16 15:32:55.643873,1100.72713,37.7569791
2020-12-16 15:32:56.183904,1100.7868,37.7580106
2020-12-16 15:32:56.743936,1100.8445,37.761547
2020-12-16 15:32:57.294967,1100.89911,37.7620627
2020-12-16 15:32:57.846999,1100.95909,37.762671
2020-12-16 15:32:58.387030,1101.01791,37.7614206
2020-12-16 15:32:58.925060,1101.07274,37.7628204
2020-12-16 15:32:59.489093,1101.13493,37.7660621
2020-12-16 15:33:00.051125,1101.19449,37.7665042
2020-12-16 15:33:00.612157,1101.25624,37.7687317
2020-12-16 15:33:01.171189,1101.32079,37.7727913
2020-12-16 15:33:01.727221,1101.37879,37.7690338
2020-12-16 15:33:02.271252,1101.44461,37.7727913
2020-12-16 15:33:02.813283,1101.50591,37.776475
2020-12-16 15:33:03.362314,1101.56928,37.7735918
2020-12-16 15:33:03.924346,1101.63627,37.7745348
2020-12-16 15:33:04.471378,1101.695,37.7796183
2020-12-16 15:33:05.016409,1101.76818,37.7850703
2020-12-16 15:33:05.571441,1101.82993,37.7806498
2020-12-16 15:33:06.113472,1101.89559,37.78728
2020-12-16 15:33:06.652502,1101.96066,37.7811628
2020-12-16 15:33:07.200534,1102.01951,37.7847729
2020-12-16 15:33:07.752565,1102.08399,37.7912563
2020-12-16 15:33:08.291596,1102.14382,37.7892671
2020-12-16 15:33:08.840628,1102.2114,37.7978133
2020-12-16 15:33:09.384659,1102.27097,37.7935402
2020-12-16 15:33:09.932690,1102.33287,37.7877936
2020-12-16 15:33:10.473721,1102.39315,37.7970766
2020-12-16 15:33:11.010752,1102.45151,37.7979607
2020-12-16 15:33:11.551783,1102.51335,37.8001709
2020-12-16 15:33:12.097814,1102.57628,37.799803
2020-12-16 15:33:12.663846,1102.63575,37.7972986
2020-12-16 15:33:13.220878,1102.69559,37.7997299
2020-12-16 15:33:13.757909,1102.75926,37.8052555
2020-12-16 15:33:14.311940,1102.81615,37.8074657
2020-12-16 15:33:14.863972,1102.87938,37.7992149
2020-12-16 15:33:15.433005,1102.93494,37.8056275
2020-12-16 15:33:15.975036,1102.99907,37.8070274
2020-12-16 15:33:16.556069,1103.05876,37.8085009
2020-12-16 15:33:17.103100,1103.12479,37.8110058
2020-12-16 15:33:17.652132,1103.18035,37.8136581
2020-12-16 15:33:18.216164,1103.23841,37.816529
2020-12-16 15:33:18.781196,1103.30142,37.8146132
2020-12-16 15:33:19.337228,1103.35949,37.822128
2020-12-16 15:33:19.900260,1103.42559,37.8209492
2020-12-16 15:33:20.459292,1103.48278,37.8199915
2020-12-16 15:33:21.010324,1103.54203,37.8193328
2020-12-16 15:33:21.565355,1103.60047,37.8259655
2020-12-16 15:33:22.107386,1103.65736,37.8286914
2020-12-16 15:33:22.658418,1103.71493,37.8273653
2020-12-16 15:33:23.204449,1103.77654,37.8261865
2020-12-16 15:33:23.763481,1103.83387,37.8288256
2020-12-16 15:33:24.309512,1103.89142,37.8273389
2020-12-16 15:33:24.853543,1103.9481,37.8283703
2020-12-16 15:33:25.409575,1104.00204,37.8289597
2020-12-16 15:33:25.959607,1104.06099,37.8366219
2020-12-16 15:33:26.495637,1104.11788,37.8380949
2020-12-16 15:33:27.059670,1104.17397,37.8352194
2020-12-16 15:33:27.597700,1104.23093,37.8344827
2020-12-16 15:33:28.145732,1104.28908,37.8352194
2020-12-16 15:33:28.685763,1104.3456,37.8396399
2020-12-16 15:33:29.248795,1104.40254,37.8380191
2020-12-16 15:33:29.810827,1104.45839,37.8462693
2020-12-16 15:33:30.388860,1104.51831,37.8450902
2020-12-16 15:33:30.941892,1104.57269,37.8456796
2020-12-16 15:33:31.494923,1104.63378,37.8431746
2020-12-16 15:33:32.053955,1104.69001,37.8488476
2020-12-16 15:33:32.628988,1104.74424,37.8474305
2020-12-16 15:33:33.182020,1104.80349,37.849707
2020-12-16 15:33:33.733051,1104.85597,37.8507384
2020-12-16 15:33:34.283083,1104.90777,37.8539064
2020-12-16 15:33:34.828114,1104.96466,37.8604635
2020-12-16 15:33:35.372145,1105.02494,37.8563292
2020-12-16 15:33:35.946178,1105.07756,37.8560219
2020-12-16 15:33:36.496209,1105.13239,37.8612528
2020-12-16 15:33:37.042241,1105.1881,37.8597056
2020-12-16 15:33:37.590272,1105.23747,37.8643471
2020-12-16 15:33:38.140303,1105.29367,37.8620622
2020-12-16 15:33:38.697335,1105.34724,37.8664047
2020-12-16 15:33:39.252367,1105.39706,37.863163
2020-12-16 15:33:39.796398,1105.45822,37.8620579
2020-12-16 15:33:40.343429,1105.51106,37.86611
2020-12-16 15:33:40.914462,1105.56427,37.8708252
2020-12-16 15:33:41.475494,1105.6177,37.8718617
2020-12-16 15:33:42.037526,1105.67694,37.8728207
2020-12-16 15:33:42.592558,1105.73155,37.8706842
2020-12-16 15:33:43.164591,1105.78682,37.875473
2020-12-16 15:33:43.724623,1105.83398,37.8746626
2020-12-16 15:33:44.283655,1105.88667,37.878641
2020-12-16 15:33:44.829686,1105.94637,37.8836509
2020-12-16 15:33:45.383718,1105.99501,37.8834299
2020-12-16 15:33:45.930749,1106.05101,37.8798198
2020-12-16 15:33:46.473780,1106.09928,37.8776096
2020-12-16 15:33:47.031812,1106.1508,37.8843239
2020-12-16 15:33:47.604845,1106.2096,37.8819812
2020-12-16 15:33:48.162877,1106.25956,37.8855912
2020-12-16 15:33:48.726909,1106.31292,37.8871384
2020-12-16 15:33:49.271940,1106.37084,37.8885382
2020-12-16 15:33:49.826972,1106.41889,37.8889079
2020-12-16 15:33:50.375003,1106.4715,37.8861133
2020-12-16 15:33:50.917034,1106.52294,37.8929651
2020-12-16 15:33:51.485067,1106.57983,37.8926704
2020-12-16 15:33:52.033098,1106.6326,37.8931861
2020-12-16 15:33:52.584129,1106.68374,37.8934071
2020-12-16 15:33:53.132161,1106.74468,37.8969414
2020-12-16 15:33:53.690193,1106.79619,37.8967198
2020-12-16 15:33:54.236224,1106.84763,37.8943622
2020-12-16 15:33:54.783255,1106.90666,37.9009193
2020-12-16 15:33:55.336287,1106.96067,37.8995931
2020-12-16 15:33:55.883318,1107.01845,37.9011403
2020-12-16 15:33:56.433350,1107.06502,37.9048977
2020-12-16 15:33:56.983381,1107.12184,37.8981196
2020-12-16 15:33:57.566414,1107.18624,37.9059292
2020-12-16 15:33:58.129447,1107.23879,37.9048977
2020-12-16 15:33:58.709480,1107.2962,37.9051942
2020-12-16 15:33:59.250511,1107.35434,37.907701
2020-12-16 15:33:59.792542,1107.41182,37.90748
2020-12-16 15:34:00.363574,1107.47029,37.9096166
2020-12-16 15:34:00.916606,1107.52246,37.9130793
2020-12-16 15:34:01.454637,1107.58385,37.9104257
2020-12-16 15:34:02.010669,1107.64317,37.917125
2020-12-16 15:34:02.559700,1107.70208,37.9123362
2020-12-16 15:34:03.130733,1107.75705,37.9217666
2020-12-16 15:34:03.678764,1107.81638,37.9177144
2020-12-16 15:34:04.220795,1107.87128,37.9234611
2020-12-16 15:34:04.769826,1107.93502,37.9189669
2020-12-16 15:34:05.330859,1107.9925,37.9129993
2020-12-16 15:34:05.879890,1108.04828,37.9227243
2020-12-16 15:34:06.430921,1108.10915,37.9245662
2020-12-16 15:34:06.978953,1108.16871,37.9237558
2020-12-16 15:34:07.526984,1108.2253,37.9292687
2020-12-16 15:34:08.076016,1108.28602,37.9294813
2020-12-16 15:34:08.624047,1108.3491,37.9299233
2020-12-16 15:34:09.174078,1108.40563,37.9315442
2020-12-16 15:34:09.723110,1108.46812,37.9308074
2020-12-16 15:34:10.274141,1108.53319,37.9340491
2020-12-16 15:34:10.822173,1108.59052,37.9374382
2020-12-16 15:34:11.369204,1108.6477,37.9357436
2020-12-16 15:34:11.916235,1108.7032,37.9415639
2020-12-16 15:34:12.465267,1108.76606,37.9404588
2020-12-16 15:34:13.007298,1108.82273,37.9395772
2020-12-16 15:34:13.544328,1108.8822,37.9430598
2020-12-16 15:34:14.111361,1108.93865,37.9431359
2020-12-16 15:34:14.669393,1109.00084,37.9449778
2020-12-16 15:34:15.240425,1109.05994,37.9456409
2020-12-16 15:34:15.781456,1109.11585,37.9447568
2020-12-16 15:34:16.325487,1109.17273,37.9462303
2020-12-16 15:34:16.888520,1109.23448,37.9474827
2020-12-16 15:34:17.422550,1109.28761,37.9508718
2020-12-16 15:34:17.971582,1109.34774,37.9488826
2020-12-16 15:34:18.537614,1109.40255,37.9525663
2020-12-16 15:34:19.102646,1109.4579,37.9557356
2020-12-16 15:34:19.654678,1109.51825,37.9574315
2020-12-16 15:34:20.201709,1109.58153,37.956179
2020-12-16 15:34:20.779742,1109.64541,37.9569895
2020-12-16 15:34:21.329774,1109.70738,37.9619257
2020-12-16 15:34:21.872805,1109.76766,37.9590535
2020-12-16 15:34:22.420836,1109.83352,37.9597928
2020-12-16 15:34:22.979868,1109.89973,37.9605295
2020-12-16 15:34:23.529899,1109.9617,37.9617083
2020-12-16 15:34:24.071930,1110.03105,37.9675286
2020-12-16 15:34:24.626962,1110.09938,37.9641396
2020-12-16 15:34:25.174994,1110.16584,37.9693705
2020-12-16 15:34:25.721025,1110.23091,37.9701809
2020-12-16 15:34:26.277057,1110.30077,37.9687811
2020-12-16 15:34:26.833088,1110.3745,37.9694442
2020-12-16 15:34:27.403121,1110.44245,37.9720965
2020-12-16 15:34:27.951152,1110.51289,37.9763152
2020-12-16 15:34:28.523185,1110.58099,37.9787547
2020-12-16 15:34:29.080217,1110.65828,37.9803756
2020-12-16 15:34:29.623248,1110.72801,37.9792704
2020-12-16 15:34:30.180280,1110.8003,37.9789757
2020-12-16 15:34:30.729311,1110.86677,37.9819858
2020-12-16 15:34:31.272342,1110.94459,37.9818279
2020-12-16 15:34:31.843375,1111.01246,37.985659
2020-12-16 15:34:32.399407,1111.08445,37.9842592
2020-12-16 15:34:32.968439,1111.15697,37.991774
2020-12-16 15:34:33.505470,1111.232,37.9903005
2020-12-16 15:34:34.042501,1111.29784,37.988606
2020-12-16 15:34:34.584532,1111.36837,37.9877956
2020-12-16 15:34:35.128563,1111.44272,37.9895638
2020-12-16 15:34:35.682595,1111.51601,37.9903742
2020-12-16 15:34:36.233626,1111.58837,37.9947947
2020-12-16 15:34:36.778657,1111.66457,37.997447
2020-12-16 15:34:37.345690,1111.74047,38.0014254
2020-12-16 15:34:37.892721,1111.81544,37.9988468
2020-12-16 15:34:38.438752,1111.89177,38.0073931
2020-12-16 15:34:38.999784,1111.96738,38.0064353
2020-12-16 15:34:39.541815,1112.04836,38.007173
2020-12-16 15:34:40.092847,1112.12321,38.006658
2020-12-16 15:34:40.647879,1112.19826,38.0050371
2020-12-16 15:34:41.189910,1112.28102,38.0118889
2020-12-16 15:34:41.737941,1112.35383,38.0129203
2020-12-16 15:34:42.286972,1112.434,38.0126268
2020-12-16 15:34:42.837004,1112.51993,38.0127767
2020-12-16 15:34:43.387035,1112.58751,38.0112295
2020-12-16 15:34:43.934067,1112.678,38.0150606
2020-12-16 15:34:44.481098,1112.75633,38.0211019
2020-12-16 15:34:45.027129,1112.8385,38.0222829
2020-12-16 15:34:45.568160,1112.91897,38.0244364
2020-12-16 15:34:46.116191,1113.00269,38.0245858
2020-12-16 15:34:46.679224,1113.07748,38.0280486
2020-12-16 15:34:47.228255,1113.16776,38.0307008
2020-12-16 15:34:47.779286,1113.2486,38.0354897
2020-12-16 15:34:48.329318,1113.33393,38.0321788
2020-12-16 15:34:48.878349,1113.41647,38.0367486
2020-12-16 15:34:49.427381,1113.50251,38.0381484
2020-12-16 15:34:49.978412,1113.58467,38.0363065
2020-12-16 15:34:50.529444,1113.6692,38.0427162
2020-12-16 15:34:51.074475,1113.74982,38.0422837
2020-12-16 15:34:51.641507,1113.83964,38.0439926
2020-12-16 15:34:52.180538,1113.93043,38.0501076
2020-12-16 15:34:52.728570,1114.01252,38.0487078
2020-12-16 15:34:53.269601,1114.09948,38.050476
2020-12-16 15:34:53.822632,1114.1874,38.0485562
2020-12-16 15:34:54.414666,1114.2871,38.0478761
2020-12-16 15:34:54.954697,1114.36544,38.0520756
2020-12-16 15:34:55.495728,1114.44296,38.0554647
2020-12-16 15:34:56.032759,1114.5314,38.0626111
2020-12-16 15:34:56.582790,1114.59956,38.0620217
2020-12-16 15:34:57.138822,1114.68755,38.0713806
2020-12-16 15:34:57.698854,1114.77097,38.0698339
2020-12-16 15:34:58.248885,1114.8521,38.0644557
2020-12-16 15:34:58.808917,1114.93456,38.0683604
2020-12-16 15:34:59.381950,1115.01312,38.0710864
2020-12-16 15:34:59.927981,1115.09772,38.0741087
2020-12-16 15:35:00.501014,1115.17922,38.0752149
2020-12-16 15:35:01.057046,1115.26006,38.0784566
2020-12-16 15:35:01.599077,1115.33707,38.0842769
2020-12-16 15:35:02.154109,1115.4185,38.0855294
2020-12-16 15:35:02.697140,1115.49308,38.0812562
2020-12-16 15:35:03.246171,1115.56869,38.0848663
2020-12-16 15:35:03.798203,1115.64901,38.0875186
2020-12-16 15:35:04.346234,1115.72617,38.0902446
2020-12-16 15:35:04.893265,1115.79932,38.088108
2020-12-16 15:35:05.438297,1115.87905,38.0893608
2020-12-16 15:35:06.010329,1115.95753,38.0931216
2020-12-16 15:35:06.552360,1116.0355,38.0961423
2020-12-16 15:35:07.115392,1116.1096,38.0976894
2020-12-16 15:35:07.673424,1116.18343,38.0988682
2020-12-16 15:35:08.220456,1116.26892,38.1020363
2020-12-16 15:35:08.775487,1116.34335,38.1009282
2020-12-16 15:35:09.313518,1116.41523,38.1051269
2020-12-16 15:35:09.851549,1116.49239,38.1070424
2020-12-16 15:35:10.396580,1116.56836,38.1112419
2020-12-16 15:35:10.953612,1116.63734,38.109179
2020-12-16 15:35:11.495643,1116.71654,38.1124207
2020-12-16 15:35:12.048675,1116.79314,38.1158834
2020-12-16 15:35:12.602706,1116.86543,38.117799
2020-12-16 15:35:13.145737,1116.9403,38.115073
2020-12-16 15:35:13.699769,1117.02023,38.1192725
2020-12-16 15:35:14.247800,1117.08758,38.1126417
2020-12-16 15:35:14.793832,1117.16466,38.1175043
2020-12-16 15:35:15.340863,1117.24483,38.121409
2020-12-16 15:35:15.899895,1117.31506,38.1245034
2020-12-16 15:35:16.447926,1117.38698,38.1276714
2020-12-16 15:35:16.996958,1117.462,38.1285555
2020-12-16 15:35:17.555990,1117.53643,38.1315249
2020-12-16 15:35:18.111021,1117.61051,38.1264439
2020-12-16 15:35:18.672053,1117.67863,38.1367584
2020-12-16 15:35:19.210084,1117.75512,38.1327799
2020-12-16 15:35:19.758116,1117.8336,38.1348428
2020-12-16 15:35:20.323148,1117.9021,38.1350638
2020-12-16 15:35:20.869179,1117.9745,38.1356532
2020-12-16 15:35:21.413210,1118.0493,38.1411052
2020-12-16 15:35:21.970242,1118.11946,38.1389686
2020-12-16 15:35:22.512273,1118.19347,38.1405158
2020-12-16 15:35:23.056304,1118.26397,38.1455909
2020-12-16 15:35:23.597335,1118.33368,38.1474937
2020-12-16 15:35:24.154367,1118.40126,38.1441783
2020-12-16 15:35:24.711399,1118.47294,38.1462412
2020-12-16 15:35:25.262430,1118.54419,38.1454308
2020-12-16 15:35:25.815462,1118.61641,38.1541244
2020-12-16 15:35:26.360493,1118.69157,38.1556716
2020-12-16 15:35:26.911525,1118.75472,38.1555979
2020-12-16 15:35:27.496558,1118.82996,38.1571451
2020-12-16 15:35:28.043589,1118.9052,38.1571451
2020-12-16 15:35:28.601621,1118.97838,38.1565557
2020-12-16 15:35:29.184655,1119.04245,38.1569807
2020-12-16 15:35:29.746687,1119.11693,38.1611759
2020-12-16 15:35:30.312719,1119.18708,38.1634599
2020-12-16 15:35:30.854750,1119.26225,38.1720798
2020-12-16 15:35:31.458785,1119.33447,38.1683224
2020-12-16 15:35:32.014817,1119.40311,38.1723008
2020-12-16 15:35:32.559848,1119.4726,38.167954
2020-12-16 15:35:33.101879,1119.5407,38.170459
2020-12-16 15:35:33.665911,1119.60439,38.1712694
2020-12-16 15:35:34.215943,1119.67544,38.1754689
2020-12-16 15:35:34.767974,1119.74575,38.177681
2020-12-16 15:35:35.329006,1119.81966,38.1746621
2020-12-16 15:35:35.887038,1119.88065,38.1818086
2020-12-16 15:35:36.430069,1119.94619,38.1837978
2020-12-16 15:35:36.991101,1120.01989,38.1857134
2020-12-16 15:35:37.536132,1120.08857,38.1874015
2020-12-16 15:35:38.079163,1120.15378,38.1844396
2020-12-16 15:35:38.628195,1120.21539,38.187534
2020-12-16 15:35:39.183227,1120.28547,38.1889338
2020-12-16 15:35:39.748259,1120.35445,38.1894495
2020-12-16 15:35:40.295290,1120.42317,38.1896705
2020-12-16 15:35:40.845322,1120.48231,38.1918071
2020-12-16 15:35:41.405354,1120.55349,38.1937963
2020-12-16 15:35:41.987387,1120.62777,38.1958592
2020-12-16 15:35:42.551419,1120.69112,38.1928386
2020-12-16 15:35:43.102451,1120.75276,38.1948278
2020-12-16 15:35:43.652482,1120.82004,38.1998355
2020-12-16 15:35:44.196513,1120.89034,38.1990982
2020-12-16 15:35:44.740544,1120.95162,38.2021189
2020-12-16 15:35:45.291576,1121.01371,38.2044765
2020-12-16 15:35:45.852608,1121.07907,38.2041818
2020-12-16 15:35:46.391639,1121.14495,38.2049185
2020-12-16 15:35:46.936670,1121.21175,38.2074235
2020-12-16 15:35:47.510703,1121.26861,38.2041081
2020-12-16 15:35:48.050734,1121.33825,38.2070551
2020-12-16 15:35:48.595765,1121.40369,38.2109599
2020-12-16 15:35:49.159797,1121.46709,38.2125078
2020-12-16 15:35:49.720829,1121.53059,38.2178143
2020-12-16 15:35:50.285862,1121.59471,38.2153094
2020-12-16 15:35:50.827893,1121.65889,38.2189931
2020-12-16 15:35:51.372924,1121.71757,38.2142043
2020-12-16 15:35:51.926956,1121.78101,38.2189194
2020-12-16 15:35:52.505989,1121.85278,38.221133
2020-12-16 15:35:53.061020,1121.9093,38.2204703
2020-12-16 15:35:53.608052,1121.97428,38.2252592
2020-12-16 15:35:54.194085,1122.03838,38.2284272
2020-12-16 15:35:54.738116,1122.10404,38.2288693
2020-12-16 15:35:55.303149,1122.16645,38.2208587
2020-12-16 15:35:55.845180,1122.22278,38.2275681
2020-12-16 15:35:56.382210,1122.2823,38.2294836
2020-12-16 15:35:56.930242,1122.34494,38.2263893
2020-12-16 15:35:57.491274,1122.40773,38.2304414
2020-12-16 15:35:58.037305,1122.4709,38.2361051
2020-12-16 15:35:58.599337,1122.53242,38.234696
2020-12-16 15:35:59.143368,1122.59609,38.2388954
2020-12-16 15:35:59.706400,1122.65445,38.2388954
2020-12-16 15:36:00.252432,1122.71473,38.2347696
2020-12-16 15:36:00.800463,1122.77339,38.2399277
2020-12-16 15:36:01.371496,1122.83411,38.2423609
2020-12-16 15:36:01.922527,1122.89675,38.2492863
2020-12-16 15:36:02.468558,1122.95366,38.2461183
2020-12-16 15:36:03.013590,1123.01385,38.2390455
2020-12-16 15:36:03.581622,1123.07458,38.2486235
2020-12-16 15:36:04.127653,1123.13397,38.2450893
2020-12-16 15:36:04.700686,1123.19242,38.2498784
2020-12-16 15:36:05.243717,1123.25056,38.252457
2020-12-16 15:36:05.807749,1123.3104,38.2536358
2020-12-16 15:36:06.369782,1123.37075,38.2540779
2020-12-16 15:36:06.913813,1123.43177,38.2544488
2020-12-16 15:36:07.467844,1123.48549,38.2559971
2020-12-16 15:36:08.019876,1123.54901,38.2565128
2020-12-16 15:36:08.569907,1123.59853,38.2556287
2020-12-16 15:36:09.131940,1123.66367,38.2565865
2020-12-16 15:36:09.697972,1123.72263,38.2548933
2020-12-16 15:36:10.245003,1123.77923,38.2580627
2020-12-16 15:36:10.796035,1123.83862,38.2643987
2020-12-16 15:36:11.336066,1123.89544,38.2672721
2020-12-16 15:36:11.877097,1123.95226,38.2667563
2020-12-16 15:36:12.428128,1124.00568,38.2635096
2020-12-16 15:36:12.979160,1124.05933,38.2626792
2020-12-16 15:36:13.524191,1124.12271,38.2678364
2020-12-16 15:36:14.078222,1124.17722,38.2651841
2020-12-16 15:36:14.626254,1124.22828,38.264079
2020-12-16 15:36:15.174285,1124.29026,38.270194
2020-12-16 15:36:15.722317,1124.33882,38.2704172
2020-12-16 15:36:16.275348,1124.40206,38.2713019
2020-12-16 15:36:16.824380,1124.45651,38.2704914
2020-12-16 15:36:17.368411,1124.5137,38.2752066
2020-12-16 15:36:17.940443,1124.56742,38.2798481
2020-12-16 15:36:18.498475,1124.62166,38.2822906
2020-12-16 15:36:19.059507,1124.67951,38.2778775
2020-12-16 15:36:19.601538,1124.73522,38.2786879
2020-12-16 15:36:20.143569,1124.78724,38.2816349
2020-12-16 15:36:20.698601,1124.8409,38.2837715
2020-12-16 15:36:21.248633,1124.89573,38.2857518
2020-12-16 15:36:21.796664,1124.95218,38.288317
2020-12-16 15:36:22.342695,1125.00391,38.2824967
2020-12-16 15:36:22.911728,1125.0601,38.2881697
2020-12-16 15:36:23.459759,1125.11272,38.2903062
2020-12-16 15:36:24.012791,1125.16674,38.2926672
2020-12-16 15:36:24.560822,1125.22274,38.2915192
2020-12-16 15:36:25.109853,1125.2779,38.2876881
2020-12-16 15:36:25.646884,1125.32764,38.2935821
2020-12-16 15:36:26.188915,1125.38159,38.2904877
2020-12-16 15:36:26.736947,1125.43597,38.2928453
2020-12-16 15:36:27.283978,1125.48668,38.2954083
2020-12-16 15:36:27.828009,1125.53642,38.2935598
2020-12-16 15:36:28.384041,1125.59316,38.2990117
2020-12-16 15:36:28.932072,1125.6415,38.2972435
2020-12-16 15:36:29.477103,1125.69477,38.2963594
2020-12-16 15:36:30.040135,1125.74984,38.3021071
2020-12-16 15:36:30.600167,1125.80113,38.304761
2020-12-16 15:36:31.142198,1125.85529,38.3036559
2020-12-16 15:36:31.690230,1125.90679,38.301814
2020-12-16 15:36:32.254262,1125.96355,38.307487
2020-12-16 15:36:32.807294,1126.00644,38.3068289
2020-12-16 15:36:33.355325,1126.06296,38.3027232
2020-12-16 15:36:33.898356,1126.11298,38.307291
2020-12-16 15:36:34.434387,1126.16363,38.3103117
2020-12-16 15:36:34.982418,1126.21168,38.313185
2020-12-16 15:36:35.530449,1126.2637,38.3117115
2020-12-16 15:36:36.077481,1126.31703,38.3122294
2020-12-16 15:36:36.633513,1126.36253,38.3153243
2020-12-16 15:36:37.203545,1126.41639,38.3151033
2020-12-16 15:36:37.761577,1126.46842,38.318566
2020-12-16 15:36:38.320609,1126.52035,38.316061
2020-12-16 15:36:38.878641,1126.56998,38.3199674
2020-12-16 15:36:39.425672,1126.6195,38.321221
2020-12-16 15:36:39.977704,1126.66814,38.3250521
2020-12-16 15:36:40.524735,1126.71764,38.3221051
2020-12-16 15:36:41.067766,1126.76464,38.3236523
2020-12-16 15:36:41.623798,1126.81843,38.3231365
2020-12-16 15:36:42.168829,1126.86552,38.3220314
2020-12-16 15:36:42.723861,1126.91708,38.327557
2020-12-16 15:36:43.281893,1126.96575,38.3280727
2020-12-16 15:36:43.821924,1127.0138,38.3256415
2020-12-16 15:36:44.374955,1127.06383,38.3309437
2020-12-16 15:36:44.930987,1127.10937,38.3258385
2020-12-16 15:36:45.474018,1127.16162,38.3323955
2020-12-16 15:36:46.015049,1127.20392,38.3312904
2020-12-16 15:36:46.562080,1127.25484,38.3322482
2020-12-16 15:36:47.111112,1127.30272,38.327754
2020-12-16 15:36:47.662143,1127.3501,38.3369641
2020-12-16 15:36:48.211175,1127.39615,38.3307757
2020-12-16 15:36:48.768207,1127.4473,38.3356382
2020-12-16 15:36:49.314238,1127.49513,38.3419743
2020-12-16 15:36:49.872270,1127.53942,38.3398377
2020-12-16 15:36:50.417301,1127.58732,38.3378498
2020-12-16 15:36:50.958332,1127.6375,38.3391773
2020-12-16 15:36:51.507363,1127.68253,38.3463238
2020-12-16 15:36:52.058395,1127.72833,38.3438188
2020-12-16 15:36:52.607426,1127.77048,38.3450713
2020-12-16 15:36:53.166458,1127.82015,38.3388098
2020-12-16 15:36:53.706489,1127.86746,38.3431585
2020-12-16 15:36:54.252520,1127.91256,38.3472843
2020-12-16 15:36:54.816553,1127.96156,38.3478
2020-12-16 15:36:55.358584,1128.00887,38.3491998
2020-12-16 15:36:55.903615,1128.0525,38.3511154
2020-12-16 15:36:56.453646,1128.10173,38.3508236
2020-12-16 15:36:57.002678,1128.1472,38.3505297
2020-12-16 15:36:57.551709,1128.19399,38.3500876
2020-12-16 15:36:58.099740,1128.23637,38.3510454
2020-12-16 15:36:58.652772,1128.28479,38.3557606
2020-12-16 15:36:59.203804,1128.32989,38.353624
2020-12-16 15:36:59.775836,1128.37779,38.3550975
2020-12-16 15:37:00.337868,1128.42414,38.3560553
2020-12-16 15:37:00.880899,1128.46902,38.3551712
2020-12-16 15:37:01.436931,1128.51154,38.3569394
2020-12-16 15:37:01.985963,1128.55266,38.3555496
2020-12-16 15:37:02.538994,1128.60048,38.3631532
2020-12-16 15:37:03.090026,1128.645,38.361385
2020-12-16 15:37:03.677059,1128.69688,38.3626374
2020-12-16 15:37:04.241092,1128.7391,38.3594694
2020-12-16 15:37:04.788123,1128.7828,38.3630066
2020-12-16 15:37:05.342155,1128.82426,38.3648514
2020-12-16 15:37:05.887186,1128.87201,38.3686088
2020-12-16 15:37:06.432217,1128.91151,38.3663986
2020-12-16 15:37:06.987249,1128.95638,38.3680931
2020-12-16 15:37:07.526280,1128.99949,38.3677247
2020-12-16 15:37:08.082311,1129.0443,38.366988
2020-12-16 15:37:08.638343,1129.08579,38.3644094
2020-12-16 15:37:09.191375,1129.13221,38.3742081
2020-12-16 15:37:09.741406,1129.181,38.3750922
2020-12-16 15:37:10.288438,1129.21881,38.3738398
2020-12-16 15:37:10.835469,1129.26449,38.3739134
2020-12-16 15:37:11.378500,1129.30569,38.3745765
2020-12-16 15:37:11.943532,1129.35295,38.3750922
2020-12-16 15:37:12.484563,1129.39385,38.3780392
2020-12-16 15:37:13.032594,1129.43188,38.3804705
2020-12-16 15:37:13.589626,1129.47676,38.3754621
2020-12-16 15:37:14.132657,1129.51877,38.3825371
2020-12-16 15:37:14.688689,1129.56233,38.3785587
2020-12-16 15:37:15.233720,1129.60182,38.3791481
2020-12-16 15:37:15.781752,1129.64398,38.3798111
2020-12-16 15:37:16.331783,1129.68569,38.3817267
2020-12-16 15:37:16.891815,1129.72636,38.3831265
2020-12-16 15:37:17.440847,1129.76711,38.3868839
2020-12-16 15:37:17.976877,1129.8128,38.3884311
2020-12-16 15:37:18.544910,1129.85588,38.3859262
2020-12-16 15:37:19.094941,1129.89073,38.3820951
2020-12-16 15:37:19.633972,1129.93627,38.3888732
2020-12-16 15:37:20.195004,1129.97408,38.3943988
2020-12-16 15:37:20.740035,1130.02019,38.3910097
2020-12-16 15:37:21.278066,1130.05946,38.3923359
2020-12-16 15:37:21.818097,1130.10243,38.3884311
2020-12-16 15:37:22.370129,1130.14097,38.3891679
2020-12-16 15:37:22.919160,1130.18467,38.3949882
2020-12-16 15:37:23.461191,1130.22306,38.3929253
2020-12-16 15:37:24.020223,1130.2658,38.3947672
2020-12-16 15:37:24.582255,1130.30471,38.3927779
2020-12-16 15:37:25.125286,1130.33831,38.3920367
2020-12-16 15:37:25.676318,1130.38231,38.3891455
2020-12-16 15:37:26.242350,1130.428,38.3963656
2020-12-16 15:37:26.814383,1130.46418,38.397176
2020-12-16 15:37:27.357414,1130.5078,38.3985022
2020-12-16 15:37:27.900445,1130.54362,38.4001967
2020-12-16 15:37:28.454477,1130.58916,38.4015995
2020-12-16 15:37:29.011508,1130.62269,38.4031474
2020-12-16 15:37:29.547539,1130.66589,38.3996847
2020-12-16 15:37:30.087570,1130.69907,38.3978428
2020-12-16 15:37:30.639602,1130.74343,38.399169
2020-12-16 15:37:31.187633,1130.77792,38.4012921
2020-12-16 15:37:31.735664,1130.81882,38.4005464
2020-12-16 15:37:32.297696,1130.85389,38.4004727
2020-12-16 15:37:32.863729,1130.89685,38.4034197
2020-12-16 15:37:33.423761,1130.939,38.4066614
2020-12-16 15:37:33.983793,1130.97621,38.4122693
2020-12-16 15:37:34.549825,1131.01421,38.4043252
2020-12-16 15:37:35.098857,1131.05429,38.4073459
2020-12-16 15:37:35.643888,1131.09365,38.408009
2020-12-16 15:37:36.192919,1131.13042,38.4042515
2020-12-16 15:37:36.749951,1131.16547,38.4115451
2020-12-16 15:37:37.293982,1131.20835,38.4142703
2020-12-16 15:37:37.831013,1131.24719,38.414344
2020-12-16 15:37:38.373044,1131.28617,38.4178067
2020-12-16 15:37:38.929076,1131.31749,38.4114707
2020-12-16 15:37:39.472107,1131.35802,38.4125758
2020-12-16 15:37:40.020138,1131.39575,38.4147123
2020-12-16 15:37:40.568169,1131.43277,38.4162595
2020-12-16 15:37:41.108200,1131.46901,38.4142703
2020-12-16 15:37:41.654232,1131.50438,38.4190592
2020-12-16 15:37:42.201263,1131.54572,38.4169226
2020-12-16 15:37:42.757295,1131.57977,38.423259
2020-12-16 15:37:43.307326,1131.61801,38.4228913
2020-12-16 15:37:43.856358,1131.65648,38.4195759
2020-12-16 15:37:44.409389,1131.69252,38.4250278
2020-12-16 15:37:44.956420,1131.72877,38.4256909
2020-12-16 15:37:45.510452,1131.76725,38.4272381
2020-12-16 15:37:46.080485,1131.80092,38.4270907
2020-12-16 15:37:46.629516,1131.8388,38.4329847
2020-12-16 15:37:47.172547,1131.87786,38.4279748
2020-12-16 15:37:47.727579,1131.91316,38.4241438
2020-12-16 15:37:48.277610,1131.95008,38.4283432
2020-12-16 15:37:48.825642,1131.98516,38.42295
2020-12-16 15:37:49.395674,1132.0223,38.429135
2020-12-16 15:37:49.938705,1132.06091,38.4300927
2020-12-16 15:37:50.478736,1132.09393,38.4309768
2020-12-16 15:37:51.043769,1132.1321,38.4309032
2020-12-16 15:37:51.586800,1132.16688,38.4326713
2020-12-16 15:37:52.135831,1132.20078,38.4355447
2020-12-16 15:37:52.685863,1132.23667,38.4328187
2020-12-16 15:37:53.232894,1132.27292,38.4384917
2020-12-16 15:37:53.796926,1132.31213,38.4390811
2020-12-16 15:37:54.351958,1132.34433,38.4345147
2020-12-16 15:37:54.888989,1132.37919,38.4372429
2020-12-16 15:37:55.436020,1132.41574,38.4424738
2020-12-16 15:37:55.996052,1132.45325,38.4399689
2020-12-16 15:37:56.559084,1132.48545,38.4390848
2020-12-16 15:37:57.106115,1132.51987,38.4413662
2020-12-16 15:37:57.669148,1132.55583,38.4409015
2020-12-16 15:37:58.208178,1132.58796,38.4432591
2020-12-16 15:37:58.752210,1132.62612,38.4434801
2020-12-16 15:37:59.293240,1132.6584,38.4442906
2020-12-16 15:37:59.855273,1132.69495,38.4409015
2020-12-16 15:38:00.412304,1132.72678,38.4441406
2020-12-16 15:38:00.958336,1132.7598,38.4467918
2020-12-16 15:38:01.508367,1132.79208,38.4435501
2020-12-16 15:38:02.070399,1132.83342,38.4476759
2020-12-16 15:38:02.612430,1132.85958,38.4446552
2020-12-16 15:38:03.158462,1132.89901,38.4450247
2020-12-16 15:38:03.707493,1132.93423,38.445542
2020-12-16 15:38:04.252524,1132.96216,38.4487837
2020-12-16 15:38:04.811556,1133.00085,38.4534252
2020-12-16 15:38:05.359587,1133.03342,38.4520254
2020-12-16 15:38:05.908619,1133.0699,38.4507729
2020-12-16 15:38:06.461650,1133.1021,38.4556355
2020-12-16 15:38:07.009682,1133.13453,38.4545303
2020-12-16 15:38:07.556713,1133.16924,38.4549724
2020-12-16 15:38:08.111745,1133.2024,38.4535726
2020-12-16 15:38:08.657776,1133.23703,38.4558565
2020-12-16 15:38:09.201807,1133.26769,38.4575532
2020-12-16 15:38:09.751839,1133.30726,38.4573327
2020-12-16 15:38:10.296870,1133.33173,38.4596166
2020-12-16 15:38:10.852902,1133.3696,38.4589535
2020-12-16 15:38:11.445936,1133.40527,38.4587325
2020-12-16 15:38:12.008968,1133.43526,38.4621216
2020-12-16 15:38:12.563999,1133.46629,38.4625636
2020-12-16 15:38:13.121031,1133.50254,38.460427
2020-12-16 15:38:13.670063,1133.53585,38.4654369
2020-12-16 15:38:14.219094,1133.56452,38.4576274
2020-12-16 15:38:14.757125,1133.5965,38.4608702
2020-12-16 15:38:15.307156,1133.63128,38.4597667
2020-12-16 15:38:15.883189,1133.66363,38.4666921
2020-12-16 15:38:16.443221,1133.69363,38.4698601
2020-12-16 15:38:17.008254,1133.73247,38.4679446
2020-12-16 15:38:17.554285,1133.76158,38.4675719
2020-12-16 15:38:18.090316,1133.79054,38.4690283
2020-12-16 15:38:18.638347,1133.82473,38.4710912
2020-12-16 15:38:19.189378,1133.85089,38.4628396
2020-12-16 15:38:19.732410,1133.88862,38.4631343
2020-12-16 15:38:20.275441,1133.91743,38.4655656
2020-12-16 15:38:20.841473,1133.94873,38.4679947
2020-12-16 15:38:21.380504,1133.98166,38.4652682
2020-12-16 15:38:21.917534,1134.01468,38.4674047
2020-12-16 15:38:22.479567,1134.04128,38.4690256
2020-12-16 15:38:23.040599,1134.07415,38.4715305
2020-12-16 15:38:23.586630,1134.10768,38.4716074
2020-12-16 15:38:24.128661,1134.13258,38.4757364
2020-12-16 15:38:24.677692,1134.16398,38.4722737
2020-12-16 15:38:25.215723,1134.19994,38.4797885
2020-12-16 15:38:25.762754,1134.2261,38.4785361
2020-12-16 15:38:26.321786,1134.25838,38.4775783
2020-12-16 15:38:26.873818,1134.28726,38.4779467
2020-12-16 15:38:27.431850,1134.31999,38.4767679
2020-12-16 15:38:27.972881,1134.34787,38.4749997
2020-12-16 15:38:28.519912,1134.38095,38.4803043
2020-12-16 15:38:29.064943,1134.41323,38.4803043
2020-12-16 15:38:29.629976,1134.44511,38.4749453
2020-12-16 15:38:30.179007,1134.47079,38.4795153
2020-12-16 15:38:30.720038,1134.50366,38.4862197
2020-12-16 15:38:31.283070,1134.52923,38.4836411
2020-12-16 15:38:31.827101,1134.56665,38.4837147
2020-12-16 15:38:32.374133,1134.59493,38.484217
2020-12-16 15:38:32.930164,1134.62272,38.4788298
2020-12-16 15:38:33.476196,1134.65477,38.4805243
2020-12-16 15:38:34.031227,1134.68005,38.4836186
2020-12-16 15:38:34.579259,1134.7146,38.4826608
2020-12-16 15:38:35.123290,1134.74334,38.479936
2020-12-16 15:38:35.718324,1134.77422,38.4818531
2020-12-16 15:38:36.260355,1134.80146,38.4810427
2020-12-16 15:38:36.808386,1134.83214,38.4860526
2020-12-16 15:38:37.362418,1134.86184,38.4845791
2020-12-16 15:38:37.917450,1134.89308,38.4900305
2020-12-16 15:38:38.482482,1134.92322,38.4875971
2020-12-16 15:38:39.020513,1134.95429,38.4921649
2020-12-16 15:38:39.568544,1134.9792,38.4926069
2020-12-16 15:38:40.109575,1135.01148,38.4877444
2020-12-16 15:38:40.654606,1135.03712,38.4885548
2020-12-16 15:38:41.202638,1135.06932,38.4895126
2020-12-16 15:38:41.741668,1135.09467,38.4913545
2020-12-16 15:38:42.285699,1135.12526,38.4922386
2020-12-16 15:38:42.832731,1135.14994,38.4931227
2020-12-16 15:38:43.396763,1135.18185,38.4917228
2020-12-16 15:38:43.954795,1135.21184,38.4894376
2020-12-16 15:38:44.503826,1135.23992,38.4904677
2020-12-16 15:38:45.108861,1135.26727,38.493783
2020-12-16 15:38:45.667893,1135.2977,38.4945198
2020-12-16 15:38:46.208924,1135.32696,38.493562
2020-12-16 15:38:46.759955,1135.35702,38.4948145
2020-12-16 15:38:47.299986,1135.3829,38.4926779
2020-12-16 15:38:47.840017,1135.41291,38.4964353
2020-12-16 15:38:48.389049,1135.43914,38.4995296
2020-12-16 15:38:48.956081,1135.46494,38.4982035
2020-12-16 15:38:49.516113,1135.49707,38.4991613
2020-12-16 15:38:50.068145,1135.52485,38.5024766
2020-12-16 15:38:50.629177,1135.55256,38.4990876
2020-12-16 15:38:51.203210,1135.57865,38.5013715
2020-12-16 15:38:51.763242,1135.61085,38.5021083
2020-12-16 15:38:52.328274,1135.63672,38.5043922
2020-12-16 15:38:52.874305,1135.66833,38.5017421
2020-12-16 15:38:53.414336,1135.69412,38.4978378
2020-12-16 15:38:53.963367,1135.72053,38.5010059
2020-12-16 15:38:54.519399,1135.74751,38.5010795
2020-12-16 15:38:55.063430,1135.77412,38.4983536
2020-12-16 15:38:55.627463,1135.80426,38.5045702
2020-12-16 15:38:56.171494,1135.82784,38.5095251
2020-12-16 15:38:56.714525,1135.85643,38.5082726
2020-12-16 15:38:57.273557,1135.88524,38.5095988
2020-12-16 15:38:57.814588,1135.90765,38.5110723
2020-12-16 15:38:58.354619,1135.93653,38.5051783
2020-12-16 15:38:58.898650,1135.96461,38.5047362
2020-12-16 15:38:59.445681,1135.99313,38.5110723
2020-12-16 15:38:59.994712,1136.01686,38.5081253
2020-12-16 15:39:00.531743,1136.04434,38.5064307
2020-12-16 15:39:01.077774,1136.06468,38.5073148
2020-12-16 15:39:01.643807,1136.09895,38.5093074
2020-12-16 15:39:02.195838,1136.12378,38.5140967
2020-12-16 15:39:02.744870,1136.14751,38.511297
2020-12-16 15:39:03.293901,1136.17858,38.5123285
2020-12-16 15:39:03.840932,1136.20437,38.5077606
2020-12-16 15:39:04.385964,1136.23179,38.5126952
2020-12-16 15:39:04.950996,1136.26075,38.5167462
2020-12-16 15:39:05.500027,1136.28492,38.5166726
2020-12-16 15:39:06.046058,1136.30909,38.5098945
2020-12-16 15:39:06.594090,1136.33422,38.5188091
2020-12-16 15:39:07.133121,1136.36332,38.5188828
2020-12-16 15:39:07.675152,1136.38681,38.520209
2020-12-16 15:39:08.218183,1136.41135,38.5226402
2020-12-16 15:39:08.777215,1136.43706,38.5163779
2020-12-16 15:39:09.324246,1136.4644,38.5162305
2020-12-16 15:39:09.876278,1136.49336,38.5164537
2020-12-16 15:39:10.425309,1136.5179,38.5238405
2020-12-16 15:39:10.976340,1136.54436,38.5197884
2020-12-16 15:39:11.525372,1136.56403,38.5211145
2020-12-16 15:39:12.078404,1136.59417,38.5219249
2020-12-16 15:39:12.627435,1136.61503,38.5245036
2020-12-16 15:39:13.186467,1136.64296,38.5260336
2020-12-16 15:39:13.732498,1136.67081,38.5185881
2020-12-16 15:39:14.292530,1136.69098,38.5260293
2020-12-16 15:39:14.842562,1136.7164,38.5263977
2020-12-16 15:39:15.383593,1136.74536,38.5226402
2020-12-16 15:39:15.936624,1136.76777,38.5253681
2020-12-16 15:39:16.489656,1136.79481,38.5257383
2020-12-16 15:39:17.032687,1136.81854,38.5300115
2020-12-16 15:39:17.602719,1136.84551,38.5342846
2020-12-16 15:39:18.154751,1136.8713,38.5284643
2020-12-16 15:39:18.699782,1136.89246,38.5313384
2020-12-16 15:39:19.254814,1136.91958,38.5276566
2020-12-16 15:39:19.798845,1136.94213,38.5300879
2020-12-16 15:39:20.350877,1136.97323,38.5314877
2020-12-16 15:39:20.910909,1136.99408,38.5306036
2020-12-16 15:39:21.450940,1137.01921,38.5255203
2020-12-16 15:39:21.994971,1137.04404,38.5328163
2020-12-16 15:39:22.567003,1137.06512,38.5376054
2020-12-16 15:39:23.108034,1137.09549,38.5292065
2020-12-16 15:39:23.672067,1137.1173,38.5310484
2020-12-16 15:39:24.222098,1137.14,38.5320061
2020-12-16 15:39:24.777130,1137.16616,38.5319501
2020-12-16 15:39:25.338162,1137.19114,38.5305578
2020-12-16 15:39:25.891194,1137.21546,38.5318103
2020-12-16 15:39:26.464226,1137.24199,38.5357887
2020-12-16 15:39:27.014258,1137.26675,38.5388094
2020-12-16 15:39:27.556289,1137.28562,38.5384424
2020-12-16 15:39:28.117321,1137.31288,38.5346863
2020-12-16 15:39:28.665352,1137.33278,38.540654
2020-12-16 15:39:29.205383,1137.35916,38.5402856
2020-12-16 15:39:29.764415,1137.38385,38.5399909
2020-12-16 15:39:30.313447,1137.40927,38.5387385
2020-12-16 15:39:30.850477,1137.43175,38.5390332
2020-12-16 15:39:31.401509,1137.4543,38.540654
2020-12-16 15:39:31.961541,1137.47854,38.5402856
2020-12-16 15:39:32.510572,1137.50219,38.5413171
2020-12-16 15:39:33.067604,1137.52098,38.5439694
2020-12-16 15:39:33.615635,1137.54736,38.5440657
2020-12-16 15:39:34.163667,1137.56757,38.542079
2020-12-16 15:39:34.713698,1137.59506,38.5411949
2020-12-16 15:39:35.260729,1137.61672,38.5422264
2020-12-16 15:39:35.803761,1137.63831,38.5436999
2020-12-16 15:39:36.360792,1137.66469,38.5435542
2020-12-16 15:39:36.917824,1137.68864,38.5453971
2020-12-16 15:39:37.456855,1137.70861,38.5501123
2020-12-16 15:39:38.002886,1137.73329,38.5495229
2020-12-16 15:39:38.550918,1137.7554,38.5493019
2020-12-16 15:39:39.096949,1137.77902,38.5480398
2020-12-16 15:39:39.649981,1137.80356,38.5483936
2020-12-16 15:39:40.200012,1137.8211,38.5455203
2020-12-16 15:39:40.749043,1137.84586,38.5461834
2020-12-16 15:39:41.293075,1137.86841,38.5501618
2020-12-16 15:39:41.854107,1137.88979,38.5466991
2020-12-16 15:39:42.400138,1137.91801,38.551488
2020-12-16 15:39:42.945169,1137.9354,38.5489093
2020-12-16 15:39:43.500201,1137.95717,38.554435
2020-12-16 15:39:44.048232,1137.98561,38.5480989
2020-12-16 15:39:44.597263,1138.00698,38.5500881
2020-12-16 15:39:45.150295,1138.02673,38.5510485
2020-12-16 15:39:45.697326,1138.0509,38.5506076
2020-12-16 15:39:46.240357,1138.07154,38.551197
2020-12-16 15:39:46.800390,1138.09445,38.5500919
2020-12-16 15:39:47.349421,1138.11737,38.5516391
2020-12-16 15:39:47.898452,1138.13801,38.5510497
2020-12-16 15:39:48.456484,1138.16439,38.5531126
2020-12-16 15:39:49.002515,1138.18428,38.5559859
2020-12-16 15:39:49.558547,1138.20735,38.5487657
2020-12-16 15:39:50.098578,1138.22755,38.557312
2020-12-16 15:39:50.648610,1138.25165,38.5533341
2020-12-16 15:39:51.197641,1138.27486,38.5545151
2020-12-16 15:39:51.738672,1138.29313,38.5573884
2020-12-16 15:39:52.310705,1138.31207,38.5587146
2020-12-16 15:39:52.862736,1138.33624,38.5537784
2020-12-16 15:39:53.411768,1138.35599,38.5587883
2020-12-16 15:39:53.963799,1138.37722,38.5604091
2020-12-16 15:39:54.511831,1138.40012,38.5630614
2020-12-16 15:39:55.060862,1138.42334,38.5581989
2020-12-16 15:39:55.609893,1138.44463,38.5579042
2020-12-16 15:39:56.158925,1138.46873,38.5606301
2020-12-16 15:39:56.709956,1138.48891,38.5572411
2020-12-16 15:39:57.267988,1138.51021,38.5615142
2020-12-16 15:39:57.819020,1138.53217,38.5546625
2020-12-16 15:39:58.363051,1138.5542,38.562251
2020-12-16 15:39:58.917083,1138.57277,38.5602618
2020-12-16 15:39:59.462114,1138.59459,38.5587157
2020-12-16 15:40:00.010145,1138.62112,38.5597487
2020-12-16 15:40:00.577177,1138.63814,38.5583489
2020-12-16 15:40:01.141210,1138.65553,38.5576122
2020-12-16 15:40:01.703242,1138.68155,38.5643903
2020-12-16 15:40:02.260274,1138.70381,38.5637279
2020-12-16 15:40:02.819306,1138.72201,38.5617417
2020-12-16 15:40:03.364337,1138.74416,38.563952
2020-12-16 15:40:03.903368,1138.76294,38.5628468
2020-12-16 15:40:04.440398,1138.78277,38.5649834
2020-12-16 15:40:04.996430,1138.80045,38.564394
2020-12-16 15:40:05.541461,1138.82264,38.564173
2020-12-16 15:40:06.084492,1138.84455,38.5672673
2020-12-16 15:40:06.626523,1138.86695,38.5695513
2020-12-16 15:40:07.163554,1138.88913,38.5690355
2020-12-16 15:40:07.722586,1138.90779,38.5671937
2020-12-16 15:40:08.271618,1138.9295,38.5670337
2020-12-16 15:40:08.835650,1138.9497,38.5743886
2020-12-16 15:40:09.386681,1138.96981,38.5676105
2020-12-16 15:40:09.967715,1138.99118,38.5729888
2020-12-16 15:40:10.512746,1139.00791,38.5726941
2020-12-16 15:40:11.063777,1139.03496,38.5679052
2020-12-16 15:40:11.617809,1139.0494,38.5712942
2020-12-16 15:40:12.162840,1139.06987,38.5713679
2020-12-16 15:40:12.713872,1139.09152,38.5699681
2020-12-16 15:40:13.275904,1139.11031,38.5698944
2020-12-16 15:40:13.824935,1139.13434,38.5714413
2020-12-16 15:40:14.389968,1139.15154,38.5712181
2020-12-16 15:40:14.938999,1139.17113,38.5767435
2020-12-16 15:40:15.481030,1139.19243,38.5709968
2020-12-16 15:40:16.040062,1139.22006,38.5712915
2020-12-16 15:40:16.589093,1139.2291,38.572544
2020-12-16 15:40:17.158126,1139.25211,38.5726184
2020-12-16 15:40:17.717158,1139.27451,38.5702611
2020-12-16 15:40:18.267189,1139.2936,38.5761551
2020-12-16 15:40:18.833222,1139.3113,38.5796178
2020-12-16 15:40:19.381253,1139.33525,38.5729871
2020-12-16 15:40:19.945285,1139.35419,38.5782917
2020-12-16 15:40:20.493317,1139.37313,38.5755657
2020-12-16 15:40:21.036348,1139.39012,38.575492
2020-12-16 15:40:21.580379,1139.411,38.5739448
2020-12-16 15:40:22.143411,1139.42794,38.5768918
2020-12-16 15:40:22.686442,1139.44814,38.5796234
2020-12-16 15:40:23.235473,1139.46921,38.5793419
2020-12-16 15:40:23.791505,1139.48557,38.5782367
2020-12-16 15:40:24.365538,1139.50982,38.5851622
2020-12-16 15:40:24.927570,1139.52603,38.5771316
2020-12-16 15:40:25.464601,1139.54504,38.5818471
2020-12-16 15:40:26.002632,1139.56434,38.5856067
2020-12-16 15:40:26.566664,1139.58409,38.5856806
2020-12-16 15:40:27.130696,1139.60354,38.5823653
2020-12-16 15:40:27.683728,1139.62161,38.5824389
2020-12-16 15:40:28.227759,1139.64179,38.5807444
2020-12-16 15:40:28.799792,1139.66095,38.5823118
2020-12-16 15:40:29.350823,1139.67952,38.580917
2020-12-16 15:40:29.894854,1139.69677,38.5806223
2020-12-16 15:40:30.435885,1139.71556,38.5837166
2020-12-16 15:40:30.998918,1139.73826,38.5792961
2020-12-16 15:40:31.557949,1139.75638,38.5818734
2020-12-16 15:40:32.105981,1139.77387,38.5801038
2020-12-16 15:40:32.655012,1139.79128,38.578925
2020-12-16 15:40:33.206044,1139.81677,38.5832719
2020-12-16 15:40:33.776076,1139.83107,38.5821667
2020-12-16 15:40:34.336108,1139.84964,38.5767893
2020-12-16 15:40:34.899141,1139.86792,38.5854848
2020-12-16 15:40:35.446172,1139.88597,38.5866636
2020-12-16 15:40:35.986203,1139.90594,38.5848954
2020-12-16 15:40:36.529234,1139.92088,38.589758
2020-12-16 15:40:37.084266,1139.94086,38.5843035
2020-12-16 15:40:37.627297,1139.95988,38.5937874
2020-12-16 15:40:38.203330,1139.97823,38.5868594
2020-12-16 15:40:38.752361,1139.99768,38.5881856
2020-12-16 15:40:39.292392,1140.01728,38.5838388
2020-12-16 15:40:39.842423,1140.03504,38.5845755
2020-12-16 15:40:40.392455,1140.04786,38.589217
2020-12-16 15:40:40.935486,1140.07019,38.5913536
2020-12-16 15:40:41.489518,1140.08654,38.5905432
2020-12-16 15:40:42.038549,1140.10305,38.5932692
2020-12-16 15:40:42.577580,1140.12434,38.5903222
2020-12-16 15:40:43.137612,1140.14299,38.5868498
2020-12-16 15:40:43.702644,1140.16024,38.5908873
2020-12-16 15:40:44.246675,1140.17911,38.5906663
2020-12-16 15:40:44.790706,1140.19584,38.5922872
2020-12-16 15:40:45.347738,1140.21345,38.5878667
2020-12-16 15:40:45.908770,1140.23088,38.5912557
2020-12-16 15:40:46.455802,1140.25078,38.5930976
2020-12-16 15:40:47.004833,1140.26839,38.5963393
2020-12-16 15:40:47.561865,1140.28328,38.5887508
2020-12-16 15:40:48.101896,1140.302,38.5938343
2020-12-16 15:40:48.657928,1140.32065,38.5922872
2020-12-16 15:40:49.205959,1140.33774,38.5938494
2020-12-16 15:40:49.744990,1140.35793,38.5915692
2020-12-16 15:40:50.292021,1140.37459,38.5998945
2020-12-16 15:40:50.842052,1140.39419,38.5917165
2020-12-16 15:40:51.390084,1140.40642,38.5933374
2020-12-16 15:40:51.941115,1140.42662,38.5954003
2020-12-16 15:40:52.503147,1140.44393,38.5957687
2020-12-16 15:40:53.044178,1140.45941,38.5962844
2020-12-16 15:40:53.587209,1140.48019,38.6017363
2020-12-16 15:40:54.135241,1140.49331,38.6029151
2020-12-16 15:40:54.683272,1140.51113,38.5993051
2020-12-16 15:40:55.236304,1140.52919,38.6016627
2020-12-16 15:40:55.791336,1140.54695,38.6012206
2020-12-16 15:40:56.340367,1140.55947,38.5980526
2020-12-16 15:40:56.882398,1140.57878,38.5985683
2020-12-16 15:40:57.428429,1140.59241,38.6016627
2020-12-16 15:40:57.992461,1140.61268,38.6015933
2020-12-16 15:40:58.542493,1140.62712,38.5991632
2020-12-16 15:40:59.100525,1140.64518,38.6015944
2020-12-16 15:40:59.662557,1140.66515,38.600563
2020-12-16 15:41:00.207588,1140.6832,38.6024785
2020-12-16 15:41:00.746619,1140.69765,38.6041016
2020-12-16 15:41:01.289650,1140.71497,38.6015245
2020-12-16 15:41:01.847682,1140.72882,38.6033664
2020-12-16 15:41:02.390713,1140.74342,38.6017455
2020-12-16 15:41:02.959746,1140.75926,38.6067554
2020-12-16 15:41:03.502777,1140.78369,38.6004104
2020-12-16 15:41:04.055808,1140.79673,38.6032702
2020-12-16 15:41:04.598839,1140.8125,38.6032702
2020-12-16 15:41:05.156871,1140.8282,38.6051857
2020-12-16 15:41:05.701902,1140.84817,38.5989234
2020-12-16 15:41:06.263935,1140.86519,38.601797
2020-12-16 15:41:06.811966,1140.88155,38.6079881
2020-12-16 15:41:07.371998,1140.89791,38.6095353
2020-12-16 15:41:07.921029,1140.91405,38.606883
2020-12-16 15:41:08.477061,1140.92621,38.6087249
2020-12-16 15:41:09.016092,1140.94441,38.6103457
2020-12-16 15:41:09.552123,1140.95951,38.6076934
2020-12-16 15:41:10.110155,1140.97683,38.6062936
2020-12-16 15:41:10.656186,1140.99651,38.6083565
2020-12-16 15:41:11.196217,1141.00756,38.6118929
2020-12-16 15:41:11.748248,1141.02687,38.6059252
2020-12-16 15:41:12.311280,1141.0421,38.6076934
2020-12-16 15:41:12.880313,1141.05802,38.610051
2020-12-16 15:41:13.434345,1141.07283,38.6078408
2020-12-16 15:41:13.994377,1141.09494,38.6099773
2020-12-16 15:41:14.560409,1141.11042,38.6106404
2020-12-16 15:41:15.098440,1141.12744,38.6137356
2020-12-16 15:41:15.638471,1141.13776,38.6151373
2020-12-16 15:41:16.184502,1141.15567,38.615432
2020-12-16 15:41:16.732533,1141.16987,38.6147689
2020-12-16 15:41:17.273564,1141.18616,38.6133691
2020-12-16 15:41:17.822596,1141.2034,38.6180843
2020-12-16 15:41:18.381628,1141.21623,38.6161537
2020-12-16 15:41:18.960661,1141.2306,38.6191706
2020-12-16 15:41:19.535694,1141.24542,38.6146765
2020-12-16 15:41:20.103726,1141.26377,38.6159289
2020-12-16 15:41:20.665758,1141.28012,38.6152659
2020-12-16 15:41:21.210789,1141.29962,38.6163887
2020-12-16 15:41:21.769821,1141.30971,38.6168383
2020-12-16 15:41:22.313853,1141.33042,38.6184591
2020-12-16 15:41:22.850883,1141.34317,38.6180908
2020-12-16 15:41:23.403915,1141.35621,38.617133
2020-12-16 15:41:23.953946,1141.37559,38.616606
2020-12-16 15:41:24.499978,1141.39343,38.6218257
2020-12-16 15:41:25.055009,1141.40197,38.6197628
2020-12-16 15:41:25.606041,1141.4229,38.6184366
2020-12-16 15:41:26.147072,1141.43741,38.6182893
2020-12-16 15:41:26.720105,1141.45053,38.6199905
2020-12-16 15:41:27.262136,1141.46873,38.617354
2020-12-16 15:41:27.807167,1141.47961,38.6247952
2020-12-16 15:41:28.362199,1141.50083,38.6225113
2020-12-16 15:41:28.920230,1141.51439,38.6203747
2020-12-16 15:41:29.464262,1141.52751,38.6208904
2020-12-16 15:41:30.024294,1141.54038,38.6197116
2020-12-16 15:41:30.663330,1141.55527,38.6180171
2020-12-16 15:41:31.223362,1141.56979,38.6222902
2020-12-16 15:41:31.763393,1141.58563,38.6181644
2020-12-16 15:41:32.308424,1141.60516,38.6183855
2020-12-16 15:41:32.866456,1141.61651,38.6226616
2020-12-16 15:41:33.415488,1141.63316,38.6245042
2020-12-16 15:41:33.961519,1141.65195,38.622073
2020-12-16 15:41:34.519551,1141.66212,38.6205258
2020-12-16 15:41:35.069582,1141.67531,38.6165473
2020-12-16 15:41:35.610613,1141.69182,38.6274386
2020-12-16 15:41:36.191646,1141.707,38.6250684
2020-12-16 15:41:36.728677,1141.72314,38.6224161
2020-12-16 15:41:37.272708,1141.73117,38.6209426
2020-12-16 15:41:37.821740,1141.7465,38.6247
2020-12-16 15:41:38.370771,1141.76021,38.6248482
2020-12-16 15:41:38.914802,1141.77718,38.6220504
2020-12-16 15:41:39.457833,1141.79177,38.6236713
2020-12-16 15:41:40.003864,1141.80754,38.6275024
2020-12-16 15:41:40.559896,1141.81668,38.6291969
2020-12-16 15:41:41.123928,1141.83739,38.6302284
2020-12-16 15:41:41.699961,1141.84778,38.6260289
2020-12-16 15:41:42.259993,1141.86472,38.6276497
2020-12-16 15:41:42.807025,1141.87858,38.6342805
2020-12-16 15:41:43.359056,1141.89719,38.6312598
2020-12-16 15:41:43.908088,1141.90367,38.6311124
2020-12-16 15:41:44.460119,1141.92254,38.62802
2020-12-16 15:41:45.009151,1141.93609,38.6264
2020-12-16 15:41:45.560182,1141.95135,38.6280208
2020-12-16 15:41:46.110214,1141.96277,38.6314836
2020-12-16 15:41:46.660245,1141.97825,38.6331044
2020-12-16 15:41:47.204276,1141.99099,38.6273588
2020-12-16 15:41:47.772309,1142.00704,38.6314863
2020-12-16 15:41:48.338341,1142.01911,38.6324441
2020-12-16 15:41:48.896373,1142.03525,38.6297181
2020-12-16 15:41:49.437404,1142.0508,38.6323704
2020-12-16 15:41:49.990436,1142.06043,38.6341335
2020-12-16 15:41:50.546467,1142.07403,38.6363236
2020-12-16 15:41:51.090498,1142.0898,38.6316084
2020-12-16 15:41:51.637530,1142.10675,38.6333766
2020-12-16 15:41:52.201562,1142.1195,38.6293244
2020-12-16 15:41:52.743593,1142.13328,38.6318294
2020-12-16 15:41:53.289624,1142.1433,38.6310926
2020-12-16 15:41:53.846656,1142.15546,38.6344817
2020-12-16 15:41:54.389687,1142.17514,38.6307243
2020-12-16 15:41:54.929718,1142.18833,38.6352184
2020-12-16 15:41:55.496751,1142.19732,38.633966
2020-12-16 15:41:56.054782,1142.21427,38.6334519
2020-12-16 15:41:56.615815,1142.22841,38.6316111
2020-12-16 15:41:57.158846,1142.24094,38.6324952
2020-12-16 15:41:57.699877,1142.25096,38.6341897
2020-12-16 15:41:58.235907,1142.26592,38.6342634
2020-12-16 15:41:58.783939,1142.27816,38.6355887
2020-12-16 15:41:59.333970,1142.2926,38.6316084
2020-12-16 15:41:59.878001,1142.3083,38.6385338
2020-12-16 15:42:00.429033,1142.31788,38.6392706
2020-12-16 15:42:00.972064,1142.32981,38.6377971
2020-12-16 15:42:01.531096,1142.34249,38.6363976
2020-12-16 15:42:02.080127,1142.36018,38.6348534
2020-12-16 15:42:02.620158,1142.37403,38.6399374
2020-12-16 15:42:03.177190,1142.38582,38.6374324
2020-12-16 15:42:03.729221,1142.401,38.6376535
2020-12-16 15:42:04.270252,1142.41375,38.6375061
2020-12-16 15:42:04.808283,1142.42915,38.6402888
2020-12-16 15:42:05.356314,1142.4388,38.6414603
2020-12-16 15:42:05.911346,1142.45128,38.6339455
2020-12-16 15:42:06.459378,1142.46462,38.6393974
2020-12-16 15:42:07.007409,1142.47877,38.6388817
2020-12-16 15:42:07.563441,1142.48886,38.6383009
2020-12-16 15:42:08.111472,1142.50075,38.6367666
2020-12-16 15:42:08.660503,1142.51269,38.6406714
2020-12-16 15:42:09.211535,1142.53023,38.6380928
2020-12-16 15:42:09.766567,1142.53863,38.6364719
2020-12-16 15:42:10.315598,1142.55359,38.6443557
2020-12-16 15:42:10.862629,1142.56494,38.6404531
2020-12-16 15:42:11.417661,1142.57724,38.6400847
2020-12-16 15:42:11.967693,1142.59397,38.6375061
2020-12-16 15:42:12.513724,1142.60112,38.6405268
2020-12-16 15:42:13.069756,1142.61446,38.6407478
2020-12-16 15:42:13.619787,1142.63244,38.6379482
2020-12-16 15:42:14.160818,1142.64158,38.6398637
2020-12-16 15:42:14.709849,1142.65529,38.6438421
2020-12-16 15:42:15.282882,1142.66612,38.6436948
2020-12-16 15:42:15.840914,1142.68057,38.6386112
2020-12-16 15:42:16.388945,1142.68941,38.6394986
2020-12-16 15:42:16.936977,1142.70443,38.6459115
2020-12-16 15:42:17.484008,1142.716,38.6388387
2020-12-16 15:42:18.029039,1142.73096,38.6459852
2020-12-16 15:42:18.576071,1142.73737,38.6451011
2020-12-16 15:42:19.128102,1142.75395,38.6431127
2020-12-16 15:42:19.678134,1142.76544,38.6410517
2020-12-16 15:42:20.239166,1142.77864,38.6419358
2020-12-16 15:42:20.786197,1142.78991,38.6475351
2020-12-16 15:42:21.337229,1142.80046,38.6460616
2020-12-16 15:42:21.915262,1142.81343,38.6428936
2020-12-16 15:42:22.466293,1142.8303,38.6462089
2020-12-16 15:42:23.007324,1142.83723,38.6420832
2020-12-16 15:42:23.560356,1142.85144,38.6484192
2020-12-16 15:42:24.106387,1142.8647,38.6481982
2020-12-16 15:42:24.649418,1142.87679,38.6462089
2020-12-16 15:42:25.212450,1142.89241,38.646651
2020-12-16 15:42:25.778483,1142.89963,38.6476088
2020-12-16 15:42:26.329514,1142.91245,38.6451038
2020-12-16 15:42:26.874545,1142.92579,38.6494506
2020-12-16 15:42:27.463579,1142.93758,38.646872
2020-12-16 15:42:28.006610,1142.94997,38.6439237
2020-12-16 15:42:28.575643,1142.96397,38.6502583
2020-12-16 15:42:29.135675,1142.97348,38.6500373
2020-12-16 15:42:29.680706,1142.9874,38.647606
2020-12-16 15:42:30.228737,1142.99691,38.647606
2020-12-16 15:42:30.775768,1143.01084,38.6475332
2020-12-16 15:42:31.336800,1143.02012,38.6471667
2020-12-16 15:42:31.900833,1143.03132,38.6486402
2020-12-16 15:42:32.445864,1143.04132,38.6470194
2020-12-16 15:42:33.000896,1143.05709,38.6485665
2020-12-16 15:42:33.535926,1143.06482,38.6493055
2020-12-16 15:42:34.081957,1143.07846,38.6513128
2020-12-16 15:42:34.627989,1143.09253,38.6485891
2020-12-16 15:42:35.178020,1143.103,38.6502836
2020-12-16 15:42:35.724051,1143.11309,38.650652
2020-12-16 15:42:36.264082,1143.1265,38.6470419
2020-12-16 15:42:36.820114,1143.13523,38.6531596
2020-12-16 15:42:37.366145,1143.14702,38.6520556
2020-12-16 15:42:37.905176,1143.16213,38.6535291
2020-12-16 15:42:38.449207,1143.17068,38.6522766
2020-12-16 15:42:39.008239,1143.18173,38.649698
2020-12-16 15:42:39.553270,1143.19124,38.6498453
2020-12-16 15:42:40.105302,1143.20583,38.6524976
2020-12-16 15:42:40.668334,1143.21769,38.6462352
2020-12-16 15:42:41.223366,1143.22804,38.6516872
2020-12-16 15:42:41.772397,1143.2377,38.6570655
2020-12-16 15:42:42.335430,1143.25266,38.6524239
2020-12-16 15:42:42.910462,1143.25966,38.6541921
2020-12-16 15:42:43.473495,1143.27468,38.6518345
2020-12-16 15:42:44.038527,1143.28028,38.6519819
2020-12-16 15:42:44.583558,1143.29642,38.6569918
2020-12-16 15:42:45.138590,1143.30711,38.6578759
2020-12-16 15:42:45.686621,1143.32332,38.6597914
2020-12-16 15:42:46.233653,1143.32649,38.6600125
2020-12-16 15:42:46.789684,1143.34189,38.6549289
2020-12-16 15:42:47.338716,1143.35132,38.656255
2020-12-16 15:42:47.883747,1143.36171,38.6572865
2020-12-16 15:42:48.427778,1143.37681,38.6572144
2020-12-16 15:42:48.984810,1143.38293,38.6520583
2020-12-16 15:42:49.532841,1143.39582,38.658468
2020-12-16 15:42:50.075872,1143.40886,38.6541949
2020-12-16 15:42:50.634904,1143.41713,38.6580996
2020-12-16 15:42:51.194936,1143.42501,38.6562563
2020-12-16 15:42:51.744968,1143.44027,38.6566961
2020-12-16 15:42:52.293999,1143.45021,38.6544121
2020-12-16 15:42:52.848031,1143.46353,38.6577275
2020-12-16 15:42:53.407063,1143.47112,38.652865
2020-12-16 15:42:53.946094,1143.48033,38.6591273
2020-12-16 15:42:54.493125,1143.49293,38.6592747
2020-12-16 15:42:55.053157,1143.50311,38.6577275
2020-12-16 15:42:55.617189,1143.51181,38.6622217
2020-12-16 15:42:56.187222,1143.52294,38.6568434
2020-12-16 15:42:56.731253,1143.53825,38.6563277
2020-12-16 15:42:57.303286,1143.54733,38.6596489
2020-12-16 15:42:57.861318,1143.55809,38.6581024
2020-12-16 15:42:58.429350,1143.56568,38.6607547
2020-12-16 15:42:58.977381,1143.5788,38.6589865
2020-12-16 15:42:59.519412,1143.59177,38.6612704
2020-12-16 15:43:00.075444,1143.60017,38.660958
2020-12-16 15:43:00.618475,1143.60924,38.6624239
2020-12-16 15:43:01.157506,1143.6197,38.6634554
2020-12-16 15:43:01.722538,1143.62817,38.6625713
2020-12-16 15:43:02.280570,1143.64078,38.665813
2020-12-16 15:43:02.825602,1143.64984,38.6614011
2020-12-16 15:43:03.378633,1143.65816,38.6603089
2020-12-16 15:43:03.928665,1143.66758,38.6592037
2020-12-16 15:43:04.473696,1143.6829,38.6617087
2020-12-16 15:43:05.011727,1143.69204,38.6662029
2020-12-16 15:43:05.572759,1143.70199,38.6678232
2020-12-16 15:43:06.119790,1143.70899,38.6681157
2020-12-16 15:43:06.674822,1143.71739,38.661927
2020-12-16 15:43:07.222853,1143.73699,38.6703996
2020-12-16 15:43:07.767884,1143.74144,38.6662001
2020-12-16 15:43:08.328916,1143.75298,38.6642109
2020-12-16 15:43:08.878948,1143.76234,38.6658528
2020-12-16 15:43:09.423979,1143.77089,38.6685104
2020-12-16 15:43:09.980011,1143.7826,38.6653423
2020-12-16 15:43:10.535042,1143.79115,38.6668895
2020-12-16 15:43:11.085074,1143.80066,38.6686577
2020-12-16 15:43:11.634105,1143.81694,38.6641635
2020-12-16 15:43:12.176136,1143.82022,38.6674789
2020-12-16 15:43:12.740169,1143.83279,38.6714574
2020-12-16 15:43:13.283200,1143.84304,38.6673316
2020-12-16 15:43:13.831231,1143.84901,38.6680683
2020-12-16 15:43:14.394263,1143.85761,38.667324
2020-12-16 15:43:14.939294,1143.86886,38.6709164
2020-12-16 15:43:15.480325,1143.8777,38.6690008
2020-12-16 15:43:16.021356,1143.89067,38.6657591
2020-12-16 15:43:16.572388,1143.89856,38.6702533
2020-12-16 15:43:17.112419,1143.90467,38.6677483
2020-12-16 15:43:17.656450,1143.92133,38.6661297
2020-12-16 15:43:18.212482,1143.92663,38.6606046
2020-12-16 15:43:18.773514,1143.93643,38.6664986
2020-12-16 15:43:19.314545,1143.94832,38.6692246
2020-12-16 15:43:19.858576,1143.95827,38.6701823
2020-12-16 15:43:20.422608,1143.96468,38.6654086
2020-12-16 15:43:20.963639,1143.97868,38.6655661
2020-12-16 15:43:21.498670,1143.98627,38.6701339
2020-12-16 15:43:22.040701,1143.99578,38.6722705
2020-12-16 15:43:22.598732,1144.00381,38.6729336
2020-12-16 15:43:23.137763,1144.01236,38.6724179
2020-12-16 15:43:23.685795,1144.02171,38.6699129
2020-12-16 15:43:24.234826,1144.03571,38.6696182
2020-12-16 15:43:24.784858,1144.04441,38.6746281
2020-12-16 15:43:25.334889,1144.04935,38.6741124
2020-12-16 15:43:25.881920,1144.06394,38.670797
2020-12-16 15:43:26.450953,1144.06799,38.6726161
2020-12-16 15:43:26.997984,1144.08295,38.6773288
2020-12-16 15:43:27.545015,1144.08656,38.6715085
2020-12-16 15:43:28.101047,1144.10108,38.6741608
2020-12-16 15:43:28.668080,1144.10919,38.6714348
2020-12-16 15:43:29.229112,1144.12076,38.6701823
2020-12-16 15:43:29.768143,1144.12459,38.6737187
2020-12-16 15:43:30.304173,1144.1339,38.6771078
2020-12-16 15:43:30.860205,1144.14237,38.6701087
2020-12-16 15:43:31.401236,1144.1496,38.6731293
2020-12-16 15:43:31.947267,1144.1619,38.6747513
2020-12-16 15:43:32.488298,1144.16817,38.6710692
2020-12-16 15:43:33.050330,1144.17797,38.6721006
2020-12-16 15:43:33.595361,1144.18379,38.6709955
2020-12-16 15:43:34.138392,1144.19904,38.6733531
2020-12-16 15:43:34.696424,1144.20486,38.6713644
2020-12-16 15:43:35.241456,1144.21194,38.6763028
2020-12-16 15:43:35.796487,1144.22454,38.6715876
2020-12-16 15:43:36.347519,1144.23257,38.6709245
2020-12-16 15:43:36.903551,1144.2411,38.672177
2020-12-16 15:43:37.465583,1144.25156,38.672177
2020-12-16 15:43:38.033615,1144.25812,38.6749745
2020-12-16 15:43:38.579647,1144.26483,38.6743109
2020-12-16 15:43:39.135678,1144.27702,38.6730584
2020-12-16 15:43:39.677709,1144.28373,38.6723953
2020-12-16 15:43:40.222741,1144.29338,38.6716586
2020-12-16 15:43:40.786773,1144.30333,38.6715128
2020-12-16 15:43:41.335804,1144.31277,38.6752714
2020-12-16 15:43:41.900836,1144.31815,38.6788814
2020-12-16 15:43:42.449868,1144.32537,38.6784394
2020-12-16 15:43:42.999899,1144.3393,38.6771869
2020-12-16 15:43:43.554931,1144.34684,38.6736509
2020-12-16 15:43:44.095962,1144.35657,38.6754197
2020-12-16 15:43:44.640993,1144.36121,38.6793245
2020-12-16 15:43:45.205025,1144.37359,38.6808717
2020-12-16 15:43:45.753057,1144.38396,38.67763
2020-12-16 15:43:46.304088,1144.38566,38.6756429
2020-12-16 15:43:46.850120,1144.40106,38.6766179
2020-12-16 15:43:47.397151,1144.40614,38.6799355
2020-12-16 15:43:47.944182,1144.41536,38.6752203
2020-12-16 15:43:48.485213,1144.42656,38.6750729
2020-12-16 15:43:49.047245,1144.42943,38.6747045
2020-12-16 15:43:49.588276,1144.44225,38.676605
2020-12-16 15:43:50.131307,1144.44433,38.6815348
2020-12-16 15:43:50.703340,1144.459,38.6819031
2020-12-16 15:43:51.264372,1144.46644,38.6797666
2020-12-16 15:43:51.822404,1144.47602,38.6779984
2020-12-16 15:43:52.389436,1144.48492,38.6782194
2020-12-16 15:43:52.936468,1144.49082,38.6787351
2020-12-16 15:43:53.501500,1144.49988,38.6818295
2020-12-16 15:43:54.056532,1144.5071,38.6792508
2020-12-16 15:43:54.620564,1144.51425,38.6799876
2020-12-16 15:43:55.180596,1144.52044,38.6786614
2020-12-16 15:43:55.738628,1144.52892,38.6821242
2020-12-16 15:43:56.294660,1144.53452,38.6828609
2020-12-16 15:43:56.836691,1144.54654,38.6774826
2020-12-16 15:43:57.409724,1144.55604,38.6822715
2020-12-16 15:43:57.952755,1144.56931,38.6798402
2020-12-16 15:43:58.495786,1144.57078,38.6796929
2020-12-16 15:43:59.060818,1144.58169,38.6812401
2020-12-16 15:43:59.618850,1144.58677,38.6796929
2020-12-16 15:44:00.177882,1144.59974,38.6729885
2020-12-16 15:44:00.736914,1144.60239,38.6798402
2020-12-16 15:44:01.284945,1144.61213,38.6842607
2020-12-16 15:44:01.834977,1144.61935,38.6836713
2020-12-16 15:44:02.379008,1144.62731,38.6844081
2020-12-16 15:44:02.924039,1144.63276,38.6817558
2020-12-16 15:44:03.480071,1144.63964,38.6823452
2020-12-16 15:44:04.028102,1144.65019,38.6899445
2020-12-16 15:44:04.587134,1144.65822,38.6841349
2020-12-16 15:44:05.158167,1144.66567,38.6833245
2020-12-16 15:44:05.721199,1144.67672,38.6831772
2020-12-16 15:44:06.281231,1144.67908,38.6859768
2020-12-16 15:44:06.829262,1144.68718,38.685242
2020-12-16 15:44:07.385294,1144.69927,38.6787631
2020-12-16 15:44:07.927325,1144.70539,38.6864253
2020-12-16 15:44:08.477357,1144.71011,38.6825942
2020-12-16 15:44:09.016387,1144.71925,38.6834047
2020-12-16 15:44:09.576419,1144.72337,38.6828864
2020-12-16 15:44:10.120451,1144.73357,38.6857395
2020-12-16 15:44:10.657481,1144.74035,38.6837477
2020-12-16 15:44:11.219513,1144.75096,38.6808007
2020-12-16 15:44:11.762544,1144.75722,38.6872841
2020-12-16 15:44:12.307576,1144.766,38.6838951
2020-12-16 15:44:12.864608,1144.77272,38.6787378
2020-12-16 15:44:13.407639,1144.78628,38.683232
2020-12-16 15:44:13.953670,1144.78385,38.6888313
2020-12-16 15:44:14.512702,1144.79276,38.6828636
2020-12-16 15:44:15.051733,1144.80109,38.6911152
2020-12-16 15:44:15.596764,1144.80971,38.6887576
2020-12-16 15:44:16.163796,1144.81988,38.6837477
2020-12-16 15:44:16.711828,1144.82531,38.6873578
2020-12-16 15:44:17.270860,1144.82948,38.6875052
2020-12-16 15:44:17.841892,1144.83641,38.6871368
2020-12-16 15:44:18.402924,1144.8468,38.6892734
2020-12-16 15:44:18.970957,1144.8556,38.6836004
2020-12-16 15:44:19.514988,1144.86144,38.6911152
2020-12-16 15:44:20.091021,1144.86475,38.6883893
2020-12-16 15:44:20.648053,1144.87418,38.688905
2020-12-16 15:44:21.192084,1144.88333,38.6890523
2020-12-16 15:44:21.760116,1144.8907,38.6836265
2020-12-16 15:44:22.318148,1144.89755,38.6881236
2020-12-16 15:44:22.859179,1144.905,38.6875342
2020-12-16 15:44:23.409211,1144.90795,38.6902602
2020-12-16 15:44:23.950242,1144.9165,38.688934
2020-12-16 15:44:24.512274,1144.92379,38.6872395
2020-12-16 15:44:25.071306,1144.93021,38.6892287
2020-12-16 15:44:25.613337,1144.93749,38.6915863
2020-12-16 15:44:26.158368,1144.94154,38.6921021
2020-12-16 15:44:26.720400,1144.94721,38.6868711
2020-12-16 15:44:27.278432,1144.95996,38.6895234
2020-12-16 15:44:27.838464,1144.96799,38.6895971
2020-12-16 15:44:28.393496,1144.96843,38.6922494
2020-12-16 15:44:28.964528,1144.98177,38.6842925
2020-12-16 15:44:29.526561,1144.98892,38.688713
2020-12-16 15:44:30.082592,1144.99518,38.68783
2020-12-16 15:44:30.631624,1144.99724,38.6894535
2020-12-16 15:44:31.175655,1145.00483,38.6884958
2020-12-16 15:44:31.731687,1145.01088,38.6870959
2020-12-16 15:44:32.274718,1145.02054,38.6846647
2020-12-16 15:44:32.823749,1145.02864,38.690264
2020-12-16 15:44:33.387781,1145.03727,38.6917627
2020-12-16 15:44:33.949814,1145.04353,38.6902183
2020-12-16 15:44:34.495845,1145.04657,38.6918392
2020-12-16 15:44:35.042876,1145.05122,38.687566
2020-12-16 15:44:35.585907,1145.06124,38.6911761
2020-12-16 15:44:36.122938,1145.06942,38.6932975
2020-12-16 15:44:36.685970,1145.07177,38.6898246
2020-12-16 15:44:37.248002,1145.08231,38.6893089
2020-12-16 15:44:37.808034,1145.08953,38.6935084
2020-12-16 15:44:38.367066,1145.09351,38.6910034
2020-12-16 15:44:38.914097,1145.10029,38.6936572
2020-12-16 15:44:39.451128,1145.10486,38.6946173
2020-12-16 15:44:40.013160,1145.11399,38.6944699
2020-12-16 15:44:40.596194,1145.12129,38.6935121
2020-12-16 15:44:41.148225,1145.12593,38.6915966
2020-12-16 15:44:41.721258,1145.13043,38.6918176
2020-12-16 15:44:42.282290,1145.13816,38.6949856
2020-12-16 15:44:42.830321,1145.14435,38.6907862
2020-12-16 15:44:43.392354,1145.1484,38.6927017
2020-12-16 15:44:43.942385,1145.15452,38.6966065
2020-12-16 15:44:44.488416,1145.16107,38.6942489
2020-12-16 15:44:45.036448,1145.16712,38.6933706
2020-12-16 15:44:45.579479,1145.1736,38.69094
2020-12-16 15:44:46.129510,1145.1823,38.6908663
2020-12-16 15:44:46.686542,1145.18893,38.6921188
2020-12-16 15:44:47.228573,1145.19401,38.690719
2020-12-16 15:44:47.775604,1145.20027,38.6905716
2020-12-16 15:44:48.327636,1145.20219,38.69094
2020-12-16 15:44:48.875667,1145.21258,38.6932976
2020-12-16 15:44:49.431699,1145.21928,38.6924872
2020-12-16 15:44:49.976730,1145.22503,38.696613
2020-12-16 15:44:50.560764,1145.22884,38.6969814
2020-12-16 15:44:51.126796,1145.23842,38.6958762
2020-12-16 15:44:51.692828,1145.24395,38.693666
2020-12-16 15:44:52.241860,1145.25069,38.6949921
2020-12-16 15:44:52.784891,1145.25526,38.6990443
2020-12-16 15:44:53.351923,1145.26138,38.6927819
2020-12-16 15:44:53.898955,1145.2669,38.6955079
2020-12-16 15:44:54.460987,1145.27759,38.6991916
2020-12-16 15:44:55.010018,1145.27987,38.6994863
2020-12-16 15:44:55.573050,1145.28481,38.6944027
2020-12-16 15:44:56.115081,1145.29284,38.6971287
2020-12-16 15:44:56.680114,1145.29822,38.694108
2020-12-16 15:44:57.226145,1145.30507,38.6946974
2020-12-16 15:44:57.780177,1145.30883,38.6930029
2020-12-16 15:44:58.329208,1145.3148,38.6966867
2020-12-16 15:44:58.870239,1145.32085,38.6945501
2020-12-16 15:44:59.413270,1145.32491,38.6979375
2020-12-16 15:44:59.976302,1145.3336,38.7004414
2020-12-16 15:45:00.522333,1145.33626,38.6983048
2020-12-16 15:45:01.065364,1145.34665,38.6980838
2020-12-16 15:45:01.630397,1145.34569,38.6990415
2020-12-16 15:45:02.166427,1145.35527,38.7007371
2020-12-16 15:45:02.718459,1145.36035,38.7021386
2020-12-16 15:45:03.258490,1145.36396,38.6952868
2020-12-16 15:45:03.820522,1145.37185,38.7016966
2020-12-16 15:45:04.367553,1145.3773,38.6946974
2020-12-16 15:45:04.911584,1145.38607,38.6986737
2020-12-16 15:45:05.475617,1145.39316,38.6978439
2020-12-16 15:45:06.038649,1145.39707,38.7015277
2020-12-16 15:45:06.591681,1145.39994,38.698286
2020-12-16 15:45:07.131711,1145.40237,38.6936444
2020-12-16 15:45:07.692744,1145.41004,38.6979913
2020-12-16 15:45:08.253776,1145.41663,38.7021929
2020-12-16 15:45:08.795807,1145.42378,38.6991728
2020-12-16 15:45:09.338838,1145.42916,38.6917316
2020-12-16 15:45:09.892869,1145.43205,38.6951207
2020-12-16 15:45:10.441901,1145.4396,38.6962258
2020-12-16 15:45:10.986932,1145.44365,38.7002779
2020-12-16 15:45:11.543964,1145.45036,38.6935735
2020-12-16 15:45:12.093995,1145.45316,38.6934261
2020-12-16 15:45:12.639026,1145.46134,38.6974783
2020-12-16 15:45:13.185058,1145.46606,38.695489
2020-12-16 15:45:13.740089,1145.47121,38.693123
2020-12-16 15:45:14.287121,1145.47468,38.701355
2020-12-16 15:45:14.859153,1145.48227,38.6957557
2020-12-16 15:45:15.398184,1145.48566,38.6994395
2020-12-16 15:45:15.940215,1145.49126,38.697966
2020-12-16 15:45:16.491247,1145.50066,38.6964188
2020-12-16 15:45:17.051279,1145.49977,38.7020918
2020-12-16 15:45:17.589310,1145.50677,38.7007656
2020-12-16 15:45:18.132341,1145.50972,38.6973766
2020-12-16 15:45:18.696373,1145.51518,38.7006919
2020-12-16 15:45:19.238404,1145.52218,38.6947243
2020-12-16 15:45:19.775435,1145.52336,38.6989997
2020-12-16 15:45:20.317466,1145.53191,38.7030533
2020-12-16 15:45:20.868497,1145.535,38.700843
2020-12-16 15:45:21.416528,1145.54436,38.703569
2020-12-16 15:45:21.971560,1145.54458,38.700401
2020-12-16 15:45:22.522592,1145.55291,38.698337
2020-12-16 15:45:23.062623,1145.55755,38.700914
2020-12-16 15:45:23.610654,1145.56157,38.6980407
2020-12-16 15:45:24.162686,1145.56702,38.6990721
2020-12-16 15:45:24.715717,1145.57387,38.6983354
2020-12-16 15:45:25.264749,1145.58065,38.7031245
2020-12-16 15:45:25.822780,1145.58072,38.7032743
2020-12-16 15:45:26.386813,1145.58455,38.6998116
2020-12-16 15:45:26.950845,1145.59199,38.700622
2020-12-16 15:45:27.520878,1145.59752,38.7056319
2020-12-16 15:45:28.068909,1145.60039,38.7019482
2020-12-16 15:45:28.612940,1145.60466,38.7009731
2020-12-16 15:45:29.160971,1145.60849,38.7006741
2020-12-16 15:45:29.700002,1145.61829,38.6986849
2020-12-16 15:45:30.248034,1145.61971,38.7025897
2020-12-16 15:45:30.798065,1145.62568,38.702295
2020-12-16 15:45:31.341096,1145.6301,38.7006741
2020-12-16 15:45:31.893128,1145.6332,38.7033264
2020-12-16 15:45:32.450160,1145.63577,38.7011899
2020-12-16 15:45:32.998191,1145.64505,38.7044316
2020-12-16 15:45:33.539222,1145.65028,38.7024423
2020-12-16 15:45:34.087253,1145.65154,38.7015625
2020-12-16 15:45:34.639285,1145.65806,38.7042321
2020-12-16 15:45:35.183316,1145.66565,38.7019482
2020-12-16 15:45:35.727347,1145.66705,38.703127
2020-12-16 15:45:36.283379,1145.67095,38.7057056
2020-12-16 15:45:36.828410,1145.67246,38.6985591
2020-12-16 15:45:37.382442,1145.67555,38.6994251
2020-12-16 15:45:37.940474,1145.68439,38.7019993
2020-12-16 15:45:38.481505,1145.68395,38.7033991
2020-12-16 15:45:39.028536,1145.695,38.7060514
2020-12-16 15:45:39.590568,1145.69588,38.6991259
2020-12-16 15:45:40.127599,1145.69935,38.7060384
2020-12-16 15:45:40.670630,1145.70745,38.701683
2020-12-16 15:45:41.223661,1145.71422,38.7010199
2020-12-16 15:45:41.772693,1145.71474,38.7006516
2020-12-16 15:45:42.325724,1145.71887,38.7040406
2020-12-16 15:45:42.874756,1145.72432,38.6998414
2020-12-16 15:45:43.422787,1145.72949,38.7023471
2020-12-16 15:45:43.960818,1145.72838,38.7016104
2020-12-16 15:45:44.497849,1145.73295,38.701021
2020-12-16 15:45:45.043880,1145.73649,38.7021261
2020-12-16 15:45:45.608912,1145.74341,38.7032335
2020-12-16 15:45:46.166944,1145.74886,38.704504
2020-12-16 15:45:46.717976,1145.74886,38.7020013
2020-12-16 15:45:47.267007,1145.75807,38.7008962
2020-12-16 15:45:47.812038,1145.75877,38.6971388
2020-12-16 15:45:48.357069,1145.764,38.704801
2020-12-16 15:45:48.912101,1145.76717,38.7022223
2020-12-16 15:45:49.462133,1145.77086,38.7041379
2020-12-16 15:45:50.011164,1145.77566,38.7042852
2020-12-16 15:45:50.561195,1145.78669,38.7042116
2020-12-16 15:45:51.112227,1145.78728,38.7062745
2020-12-16 15:45:51.658258,1145.78941,38.7030332
2020-12-16 15:45:52.219290,1145.79214,38.7068649
2020-12-16 15:45:52.761321,1145.79921,38.7012656
2020-12-16 15:45:53.311353,1145.79818,38.7014129
2020-12-16 15:45:53.856384,1145.80378,38.7006762
2020-12-16 15:45:54.405415,1145.80836,38.7031075
2020-12-16 15:45:54.969448,1145.81433,38.705244
2020-12-16 15:45:55.523479,1145.81794,38.7090015
2020-12-16 15:45:56.066510,1145.82355,38.7034022
2020-12-16 15:45:56.613542,1145.82391,38.7053914
2020-12-16 15:45:57.165573,1145.83055,38.7042863
2020-12-16 15:45:57.717605,1145.83217,38.705023
2020-12-16 15:45:58.262636,1145.8385,38.7059808
2020-12-16 15:45:58.817668,1145.83882,38.7039916
2020-12-16 15:45:59.365699,1145.84194,38.705023
2020-12-16 15:45:59.913730,1145.84754,38.7072333
2020-12-16 15:46:00.462762,1145.8513,38.7049634
2020-12-16 15:46:01.026794,1145.85476,38.7068192
2020-12-16 15:46:01.573825,1145.85815,38.704609
2020-12-16 15:46:02.111856,1145.86316,38.7063035
2020-12-16 15:46:02.668888,1145.86169,38.7040196
2020-12-16 15:46:03.216919,1145.87151,38.699157
2020-12-16 15:46:03.766951,1145.87511,38.7008516
2020-12-16 15:46:04.312982,1145.87975,38.7031355
2020-12-16 15:46:04.866014,1145.87983,38.7010726
2020-12-16 15:46:05.409045,1145.8846,38.7000411
2020-12-16 15:46:05.949076,1145.89095,38.7070403
2020-12-16 15:46:06.492107,1145.8922,38.7066004
2020-12-16 15:46:07.033138,1145.89706,38.7034329
2020-12-16 15:46:07.588169,1145.89677,38.7052011
2020-12-16 15:46:08.133200,1145.90022,38.7049064
2020-12-16 15:46:08.698233,1145.90656,38.7035066
2020-12-16 15:46:09.265265,1145.91024,38.6986418
2020-12-16 15:46:09.827297,1145.91415,38.7042396
2020-12-16 15:46:10.387329,1145.91453,38.7044606
2020-12-16 15:46:10.946361,1145.91998,38.7056394
2020-12-16 15:46:11.495393,1145.92329,38.7080707
2020-12-16 15:46:12.049424,1145.9244,38.7079223
2020-12-16 15:46:12.615457,1145.92725,38.7063734
2020-12-16 15:46:13.161488,1145.93949,38.7054893
2020-12-16 15:46:13.704519,1145.93993,38.7064471
2020-12-16 15:46:14.260551,1145.94347,38.7048263
2020-12-16 15:46:14.805582,1145.94476,38.7080687
2020-12-16 15:46:15.355614,1145.94793,38.7090295
2020-12-16 15:46:15.909645,1145.95022,38.7080717
2020-12-16 15:46:16.456677,1145.95803,38.7047563
2020-12-16 15:46:17.010708,1145.95902,38.7081454
2020-12-16 15:46:17.558740,1145.96241,38.7094715
2020-12-16 15:46:18.104771,1145.96492,38.707995
2020-12-16 15:46:18.664803,1145.96779,38.7054157
2020-12-16 15:46:19.226835,1145.97101,38.705342
2020-12-16 15:46:19.776866,1145.97204,38.70851
2020-12-16 15:46:20.327898,1145.97956,38.708068
2020-12-16 15:46:20.875929,1145.98656,38.7111623
2020-12-16 15:46:21.445962,1145.98643,38.7096888
2020-12-16 15:46:22.006994,1145.98923,38.7081416
2020-12-16 15:46:22.551025,1145.99026,38.7107939
2020-12-16 15:46:23.104057,1145.9994,38.7091731
2020-12-16 15:46:23.649088,1145.99768,38.7107939
2020-12-16 15:46:24.192119,1145.9996,38.708068
2020-12-16 15:46:24.766152,1146.00218,38.7077733
2020-12-16 15:46:25.316183,1146.00741,38.7037211
2020-12-16 15:46:25.852214,1146.00748,38.7084363
2020-12-16 15:46:26.394245,1146.01411,38.7035005
2020-12-16 15:46:26.952277,1146.01441,38.7068929
2020-12-16 15:46:27.493308,1146.0122,38.7051247
2020-12-16 15:46:28.029338,1146.02296,38.7096926
2020-12-16 15:46:28.592371,1146.02724,38.710503
2020-12-16 15:46:29.137402,1146.02643,38.7127132
2020-12-16 15:46:29.688433,1146.02798,38.7097682
2020-12-16 15:46:30.236465,1146.03423,38.7071167
2020-12-16 15:46:30.781496,1146.03526,38.7103584
2020-12-16 15:46:31.327527,1146.03482,38.7099163
2020-12-16 15:46:31.871558,1146.04042,38.70999
2020-12-16 15:46:32.428590,1146.0475,38.7100008
2020-12-16 15:46:32.978622,1146.04683,38.7105273
2020-12-16 15:46:33.528653,1146.05243,38.7075803
2020-12-16 15:46:34.076684,1146.05096,38.7143584
2020-12-16 15:46:34.627716,1146.05685,38.7102326
2020-12-16 15:46:35.178747,1146.06186,38.7094227
2020-12-16 15:46:35.726779,1146.06172,38.7120035
2020-12-16 15:46:36.277810,1146.06415,38.7061832
2020-12-16 15:46:36.836842,1146.06563,38.7086145
2020-12-16 15:46:37.384874,1146.07247,38.7033835
2020-12-16 15:46:37.933905,1146.07402,38.7074357
2020-12-16 15:46:38.491937,1146.07387,38.7077304
2020-12-16 15:46:39.044969,1146.07858,38.7101616
2020-12-16 15:46:39.583999,1146.07918,38.7083934
2020-12-16 15:46:40.127030,1146.07756,38.7100143
2020-12-16 15:46:40.689063,1146.08427,38.7099406
2020-12-16 15:46:41.234094,1146.0856,38.7127419
2020-12-16 15:46:41.778125,1146.08922,38.7106064
2020-12-16 15:46:42.335157,1146.08863,38.710017
2020-12-16 15:46:42.880188,1146.09165,38.7111958
2020-12-16 15:46:43.420219,1146.09535,38.7126693
2020-12-16 15:46:43.969250,1146.09529,38.7153953
2020-12-16 15:46:44.506281,1146.10281,38.7073647
2020-12-16 15:46:45.057312,1146.10789,38.7090592
2020-12-16 15:46:45.615344,1146.11041,38.7114169
2020-12-16 15:46:46.164376,1146.10936,38.7102381
2020-12-16 15:46:46.703407,1146.1109,38.7130377
2020-12-16 15:46:47.257438,1146.11157,38.7123746
2020-12-16 15:46:47.807470,1146.11201,38.7116379
2020-12-16 15:46:48.370502,1146.12012,38.7137745
2020-12-16 15:46:48.931534,1146.12048,38.7065543
2020-12-16 15:46:49.504567,1146.11975,38.7086172
2020-12-16 15:46:50.048598,1146.12438,38.7111786
2020-12-16 15:46:50.593629,1146.1274,38.7070485
2020-12-16 15:46:51.150661,1146.13034,38.7123531
2020-12-16 15:46:51.698692,1146.13189,38.7097008
2020-12-16 15:46:52.244724,1146.13362,38.7097744
2020-12-16 15:46:52.793755,1146.13645,38.7100691
2020-12-16 15:46:53.353787,1146.13225,38.7098481
2020-12-16 15:46:53.904818,1146.14279,38.7111743
2020-12-16 15:46:54.447850,1146.14529,38.7060907
2020-12-16 15:46:55.002881,1146.14412,38.7103638
2020-12-16 15:46:55.546912,1146.14817,38.7133117
2020-12-16 15:46:56.109945,1146.15163,38.7117664
2020-12-16 15:46:56.651976,1146.14883,38.7069038
2020-12-16 15:46:57.193007,1146.15325,38.7068302
2020-12-16 15:46:57.748038,1146.15804,38.7123558
2020-12-16 15:46:58.307070,1146.15841,38.716629
2020-12-16 15:46:58.858102,1146.15878,38.7099076
2020-12-16 15:46:59.431135,1146.16165,38.7116739
2020-12-16 15:46:59.990167,1146.16254,38.7113055
2020-12-16 15:47:00.560199,1146.1691,38.7076218
2020-12-16 15:47:01.108230,1146.17034,38.7112319
2020-12-16 15:47:01.661262,1146.1724,38.7099617
2020-12-16 15:47:02.209293,1146.1766,38.7116486
2020-12-16 15:47:02.756325,1146.17453,38.7109118
2020-12-16 15:47:03.308356,1146.17898,38.7103224
2020-12-16 15:47:03.850387,1146.18229,38.7047231
2020-12-16 15:47:04.408419,1146.17809,38.7082736
2020-12-16 15:47:04.955451,1146.1845,38.7131501
2020-12-16 15:47:05.508482,1146.18421,38.7156551
2020-12-16 15:47:06.061514,1146.18723,38.7130765
2020-12-16 15:47:06.612545,1146.18671,38.7076982
2020-12-16 15:47:07.171577,1146.19121,38.707478
2020-12-16 15:47:07.722609,1146.19276,38.7054907
2020-12-16 15:47:08.276641,1146.19356,38.7101322
2020-12-16 15:47:08.819672,1146.19761,38.7128582
2020-12-16 15:47:09.361703,1146.1957,38.7048276
2020-12-16 15:47:09.909734,1146.19865,38.7047539
2020-12-16 15:47:10.474766,1146.19999,38.7105776
2020-12-16 15:47:11.024798,1146.20743,38.7136723
2020-12-16 15:47:11.567829,1146.20596,38.7091045
2020-12-16 15:47:12.131861,1146.20957,38.7065995
2020-12-16 15:47:12.672892,1146.20737,38.7082204
2020-12-16 15:47:13.215923,1146.21068,38.7115959
2020-12-16 15:47:13.775955,1146.21319,38.7104081
2020-12-16 15:47:14.312986,1146.21488,38.7115869
2020-12-16 15:47:14.860017,1146.21532,38.7083452
2020-12-16 15:47:15.415049,1146.22063,38.7109238
2020-12-16 15:47:15.965080,1146.2165,38.7071664
2020-12-16 15:47:16.508111,1146.22004,38.7098187
2020-12-16 15:47:17.054143,1146.22452,38.7123236
2020-12-16 15:47:17.630175,1146.22548,38.7105554
2020-12-16 15:47:18.189207,1146.22717,38.7098187
2020-12-16 15:47:18.759240,1146.22754,38.712692
2020-12-16 15:47:19.302271,1146.23399,38.7107764
2020-12-16 15:47:19.861303,1146.2376,38.710187
2020-12-16 15:47:20.409334,1146.23148,38.7059139
2020-12-16 15:47:20.954366,1146.23458,38.7069453
2020-12-16 15:47:21.527398,1146.23797,38.7080505
2020-12-16 15:47:22.091431,1146.23613,38.7165231
2020-12-16 15:47:22.636462,1146.24232,38.7102607
2020-12-16 15:47:23.193494,1146.24335,38.7111448
2020-12-16 15:47:23.732525,1146.24542,38.7088609
2020-12-16 15:47:24.275556,1146.24461,38.7127657
2020-12-16 15:47:24.819587,1146.24535,38.7091588
2020-12-16 15:47:25.375619,1146.24549,38.7076149
2020-12-16 15:47:25.924650,1146.25032,38.7133616
2020-12-16 15:47:26.467681,1146.24531,38.7126248
2020-12-16 15:47:27.020713,1146.24914,38.7129195
2020-12-16 15:47:27.571744,1146.25283,38.71535
2020-12-16 15:47:28.115775,1146.25076,38.7132115
2020-12-16 15:47:28.673807,1146.25452,38.7115169
2020-12-16 15:47:29.233839,1146.25297,38.7116643
2020-12-16 15:47:29.775870,1146.25342,38.7101908
2020-12-16 15:47:30.331902,1146.25415,38.7159374
2020-12-16 15:47:30.880933,1146.25703,38.7105592
2020-12-16 15:47:31.444966,1146.25806,38.7130641
2020-12-16 15:47:31.992997,1146.25916,38.7137272
2020-12-16 15:47:32.540028,1146.25961,38.7122537
2020-12-16 15:47:33.103060,1146.26448,38.7130641
2020-12-16 15:47:33.654092,1146.26728,38.7150533
2020-12-16 15:47:34.234125,1146.26632,38.7148323
2020-12-16 15:47:34.778156,1146.26904,38.7185161
2020-12-16 15:47:35.342189,1146.26963,38.7099698
2020-12-16 15:47:35.901221,1146.26978,38.7152007
2020-12-16 15:47:36.440251,1146.26624,38.7119617
2020-12-16 15:47:36.983282,1146.27132,38.7133643
2020-12-16 15:47:37.544315,1146.27626,38.7118171
2020-12-16 15:47:38.107347,1146.2753,38.7135853
2020-12-16 15:47:38.655378,1146.27177,38.7118908
2020-12-16 15:47:39.203409,1146.27819,38.7175649
2020-12-16 15:47:39.776442,1146.2765,38.7161677
2020-12-16 15:47:40.328474,1146.28063,38.712926
2020-12-16 15:47:40.874505,1146.27716,38.715873
2020-12-16 15:47:41.424536,1146.28379,38.7183779
2020-12-16 15:47:41.972568,1146.27892,38.7119679
2020-12-16 15:47:42.537600,1146.2846,38.7132182
2020-12-16 15:47:43.087632,1146.28261,38.7123339
2020-12-16 15:47:43.633663,1146.28379,38.7150598
2020-12-16 15:47:44.198695,1146.28667,38.7205855
2020-12-16 15:47:44.739726,1146.28608,38.7194067
2020-12-16 15:47:45.291758,1146.28564,38.7183344
2020-12-16 15:47:45.834789,1146.28471,38.7159908
2020-12-16 15:47:46.383820,1146.28574,38.7170959
2020-12-16 15:47:46.920851,1146.28758,38.7123807
2020-12-16 15:47:47.458882,1146.28883,38.7134122
2020-12-16 15:47:48.032914,1146.28868,38.7176858
2020-12-16 15:47:48.590946,1146.29052,38.7146657
2020-12-16 15:47:49.129977,1146.29457,38.7181284
2020-12-16 15:47:49.667008,1146.29339,38.7156971
2020-12-16 15:47:50.213039,1146.29531,38.7144447
2020-12-16 15:47:50.761070,1146.29406,38.7165076
2020-12-16 15:47:51.304102,1146.29421,38.7161392
2020-12-16 15:47:51.845132,1146.29686,38.7210754
2020-12-16 15:47:52.407165,1146.2959,38.7198229
2020-12-16 15:47:52.955196,1146.30165,38.7196756
2020-12-16 15:47:53.500227,1146.29988,38.7184968
2020-12-16 15:47:54.041258,1146.30091,38.7204274
2020-12-16 15:47:54.590289,1146.30321,38.7143189
2020-12-16 15:47:55.131320,1146.30329,38.715866
2020-12-16 15:47:55.670351,1146.30292,38.7143189
2020-12-16 15:47:56.239384,1146.30557,38.7154977
2020-12-16 15:47:56.799416,1146.30254,38.7188144
2020-12-16 15:47:57.345447,1146.30215,38.7187421
2020-12-16 15:47:57.899479,1146.30429,38.717858
2020-12-16 15:47:58.447510,1146.30465,38.7166055
2020-12-16 15:47:58.989541,1146.3062,38.717416
2020-12-16 15:47:59.551573,1146.30716,38.7154324
2020-12-16 15:48:00.094604,1146.30841,38.7163297
2020-12-16 15:48:00.648636,1146.30635,38.7127933
2020-12-16 15:48:01.208668,1146.30849,38.7136774
2020-12-16 15:48:01.755699,1146.30753,38.716698
2020-12-16 15:48:02.306731,1146.31364,38.7145615
2020-12-16 15:48:02.857762,1146.31025,38.7182452
2020-12-16 15:48:03.399793,1146.30827,38.7204555
2020-12-16 15:48:03.951825,1146.31129,38.7186136
2020-12-16 15:48:04.505857,1146.31283,38.713309
2020-12-16 15:48:05.054888,1146.31364,38.7127196
2020-12-16 15:48:05.595919,1146.31183,38.716405
2020-12-16 15:48:06.157951,1146.31305,38.7160377
2020-12-16 15:48:06.694982,1146.31349,38.7133854
2020-12-16 15:48:07.249014,1146.31518,38.7169218
2020-12-16 15:48:07.803045,1146.31112,38.7167744
2020-12-16 15:48:08.345076,1146.31471,38.7218569
2020-12-16 15:48:08.894108,1146.31272,38.713309
2020-12-16 15:48:09.467140,1146.31345,38.7138247
2020-12-16 15:48:10.014172,1146.31495,38.7167717
2020-12-16 15:48:10.568203,1146.31319,38.7149298
2020-12-16 15:48:11.116235,1146.31423,38.7104356
2020-12-16 15:48:11.659266,1146.31246,38.7158139
2020-12-16 15:48:12.211297,1146.31327,38.7147825
2020-12-16 15:48:12.764329,1146.31349,38.7164033
2020-12-16 15:48:13.310360,1146.31563,38.7144878
2020-12-16 15:48:13.870392,1146.31887,38.7149298
2020-12-16 15:48:14.420424,1146.31803,38.7131474
2020-12-16 15:48:14.979456,1146.31468,38.7107862
2020-12-16 15:48:15.541488,1146.31763,38.7192589
2020-12-16 15:48:16.099520,1146.31535,38.7133649
2020-12-16 15:48:16.649551,1146.31741,38.7132175
2020-12-16 15:48:17.205583,1146.31601,38.7121838
2020-12-16 15:48:17.751614,1146.31358,38.715645
2020-12-16 15:48:18.312646,1146.31837,38.7144662
2020-12-16 15:48:18.850677,1146.31365,38.7146136
2020-12-16 15:48:19.398708,1146.31496,38.7169712
2020-12-16 15:48:19.940739,1146.31533,38.7183767
2020-12-16 15:48:20.494771,1146.3168,38.7179478
2020-12-16 15:48:21.033802,1146.31461,38.716769
2020-12-16 15:48:21.578833,1146.31497,38.7166953
2020-12-16 15:48:22.120864,1146.31652,38.7151481
2020-12-16 15:48:22.695897,1146.31924,38.7139719
2020-12-16 15:48:23.245929,1146.3174,38.7134027
2020-12-16 15:48:23.791960,1146.31593,38.7120054
2020-12-16 15:48:24.353992,1146.31888,38.7161312
2020-12-16 15:48:24.900023,1146.3188,38.711416
2020-12-16 15:48:25.464055,1146.31785,38.71731
2020-12-16 15:48:26.014087,1146.31764,38.7170713
2020-12-16 15:48:26.578119,1146.31617,38.7159586
2020-12-16 15:48:27.144151,1146.31602,38.7174321
2020-12-16 15:48:27.689183,1146.31579,38.7177268
2020-12-16 15:48:28.254215,1146.31537,38.714043
2020-12-16 15:48:28.795246,1146.31662,38.7137469
2020-12-16 15:48:29.337277,1146.31721,38.7128615
2020-12-16 15:48:29.902309,1146.31241,38.7127878
2020-12-16 15:48:30.444340,1146.31319,38.7138929
2020-12-16 15:48:30.982371,1146.3154,38.7156611
2020-12-16 15:48:31.532402,1146.31673,38.7148507
2020-12-16 15:48:32.091434,1146.31393,38.7121984
2020-12-16 15:48:32.632465,1146.31205,38.7117563
2020-12-16 15:48:33.193497,1146.3119,38.7164715
2020-12-16 15:48:33.732528,1146.31537,38.7161768
2020-12-16 15:48:34.272559,1146.3136,38.711388
2020-12-16 15:48:34.820591,1146.31331,38.7160859
2020-12-16 15:48:35.373622,1146.31169,38.7182182
2020-12-16 15:48:35.921654,1146.31501,38.7200601
2020-12-16 15:48:36.463685,1146.31243,38.7177025
2020-12-16 15:48:37.015716,1146.31397,38.7196917
2020-12-16 15:48:37.564747,1146.315,38.7220493
2020-12-16 15:48:38.112779,1146.30925,38.7193233
2020-12-16 15:48:38.667811,1146.30682,38.7188813
2020-12-16 15:48:39.220842,1146.31224,38.7149765
2020-12-16 15:48:39.765873,1146.31179,38.7116611
2020-12-16 15:48:40.329906,1146.30862,38.7137891
2020-12-16 15:48:40.870937,1146.31113,38.7171652
2020-12-16 15:48:41.419968,1146.31,38.7198912
2020-12-16 15:48:41.980000,1146.31302,38.7148076
2020-12-16 15:48:42.528031,1146.30706,38.7179019
2020-12-16 15:48:43.079063,1146.30941,38.7123741
2020-12-16 15:48:43.628094,1146.30683,38.7154512
2020-12-16 15:48:44.179126,1146.3072,38.714786
2020-12-16 15:48:44.722157,1146.3117,38.717291
2020-12-16 15:48:45.269188,1146.30625,38.7181751
2020-12-16 15:48:45.816219,1146.30662,38.7214168
2020-12-16 15:48:46.359251,1146.30706,38.7155189
2020-12-16 15:48:46.918282,1146.30736,38.7192011
2020-12-16 15:48:47.474314,1146.30434,38.7169908
2020-12-16 15:48:48.013345,1146.3046,38.7165488
2020-12-16 15:48:48.554376,1146.30615,38.7125703
2020-12-16 15:48:49.097407,1146.30254,38.7166123
2020-12-16 15:48:49.652439,1146.30652,38.7179969
2020-12-16 15:48:50.192470,1146.30512,38.7174812
2020-12-16 15:48:50.734501,1146.30313,38.7189547
2020-12-16 15:48:51.283532,1146.30637,38.7129134
2020-12-16 15:48:51.832564,1146.30364,38.7238173
2020-12-16 15:48:52.383595,1146.3016,38.7205019
2020-12-16 15:48:52.944627,1146.29681,38.7115135
2020-12-16 15:48:53.484658,1146.30263,38.7189547
2020-12-16 15:48:54.029689,1146.30469,38.7189547
2020-12-16 15:48:54.591721,1146.30122,38.7165234
2020-12-16 15:48:55.130752,1146.29718,38.7187337
2020-12-16 15:48:55.678784,1146.29991,38.7199125
2020-12-16 15:48:56.225815,1146.29807,38.718881
2020-12-16 15:48:56.791847,1146.29718,38.7193968
2020-12-16 15:48:57.332878,1146.29903,38.7189547
2020-12-16 15:48:57.881910,1146.29446,38.715492
2020-12-16 15:48:58.440942,1146.29483,38.7191021
2020-12-16 15:48:58.989973,1146.29473,38.7137238
2020-12-16 15:48:59.544005,1146.29196,38.7202809
2020-12-16 15:49:00.091036,1146.29528,38.7168181
2020-12-16 15:49:00.632067,1146.29085,38.7181507
2020-12-16 15:49:01.181098,1146.28964,38.7121245
2020-12-16 15:49:01.741130,1146.29071,38.7110194
2020-12-16 15:49:02.305163,1146.28777,38.7179448
2020-12-16 15:49:02.859194,1146.28386,38.7149978
2020-12-16 15:49:03.405225,1146.28324,38.7160296
2020-12-16 15:49:03.948257,1146.28431,38.7178745
2020-12-16 15:49:04.492288,1146.28497,38.7191274
2020-12-16 15:49:05.048319,1146.27834,38.7119072
2020-12-16 15:49:05.597351,1146.28107,38.7166961
2020-12-16 15:49:06.142382,1146.28195,38.7130124
2020-12-16 15:49:06.697414,1146.27856,38.7183019
2020-12-16 15:49:07.246445,1146.28217,38.7166745
2020-12-16 15:49:07.797477,1146.28122,38.7160851
2020-12-16 15:49:08.344508,1146.27761,38.7104858
2020-12-16 15:49:08.896540,1146.27909,38.7154957
2020-12-16 15:49:09.441571,1146.27526,38.7171166
2020-12-16 15:49:10.001603,1146.27408,38.7140959
2020-12-16 15:49:10.564635,1146.27568,38.7146853
2020-12-16 15:49:11.118667,1146.27317,38.7198426
2020-12-16 15:49:11.661698,1146.27111,38.7163798
2020-12-16 15:49:12.236731,1146.2706,38.7132138
2020-12-16 15:49:12.786762,1146.27148,38.7160916
2020-12-16 15:49:13.330793,1146.26868,38.7125552
2020-12-16 15:49:13.887825,1146.26426,38.7152075
2020-12-16 15:49:14.436856,1146.265,38.7187439
2020-12-16 15:49:14.988888,1146.26449,38.7124079
2020-12-16 15:49:15.540920,1146.26339,38.7124988
2020-12-16 15:49:16.089951,1146.26162,38.7178077
2020-12-16 15:49:16.630982,1146.26383,38.7127241
2020-12-16 15:49:17.198014,1146.26295,38.7147134
2020-12-16 15:49:17.735045,1146.26236,38.7144187
2020-12-16 15:49:18.271076,1146.25919,38.7149968
2020-12-16 15:49:18.851109,1146.25779,38.7094636
2020-12-16 15:49:19.402140,1146.25603,38.712779
2020-12-16 15:49:19.941171,1146.25411,38.7116002
2020-12-16 15:49:20.485202,1146.25286,38.7122633
2020-12-16 15:49:21.044234,1146.25124,38.7130737
2020-12-16 15:49:21.610267,1146.25285,38.7112318
2020-12-16 15:49:22.169299,1146.2499,38.7163154
2020-12-16 15:49:22.730331,1146.24968,38.7134421
2020-12-16 15:49:23.289363,1146.24592,38.7126316
2020-12-16 15:49:23.828394,1146.2437,38.715285
2020-12-16 15:49:24.369425,1146.24267,38.7163945
2020-12-16 15:49:24.923456,1146.24393,38.711753
2020-12-16 15:49:25.466487,1146.24194,38.7082903
2020-12-16 15:49:26.012519,1146.24037,38.7157315
2020-12-16 15:49:26.554550,1146.23853,38.7111636
2020-12-16 15:49:27.102581,1146.23588,38.7143316
2020-12-16 15:49:27.668613,1146.23477,38.7169103
2020-12-16 15:49:28.237646,1146.23451,38.7120477
2020-12-16 15:49:28.779677,1146.23679,38.7127845
2020-12-16 15:49:29.324708,1146.23421,38.7116793
2020-12-16 15:49:29.878740,1146.2351,38.7115428
2020-12-16 15:49:30.434771,1146.22817,38.7122166
2020-12-16 15:49:30.972802,1146.22728,38.7171528
2020-12-16 15:49:31.514833,1146.22972,38.7167845
2020-12-16 15:49:32.072865,1146.22596,38.713027
2020-12-16 15:49:32.618896,1146.22541,38.710965
2020-12-16 15:49:33.163928,1146.22239,38.7094197
2020-12-16 15:49:33.718959,1146.22335,38.7128087
2020-12-16 15:49:34.261990,1146.22224,38.7146506
2020-12-16 15:49:34.816022,1146.22055,38.709125
2020-12-16 15:49:35.374054,1146.21959,38.7085356
2020-12-16 15:49:35.924085,1146.21583,38.7126614
2020-12-16 15:49:36.466116,1146.21141,38.7136928
2020-12-16 15:49:37.026148,1146.21543,38.7171556
2020-12-16 15:49:37.568179,1146.21285,38.7127351
2020-12-16 15:49:38.109210,1146.21263,38.7101564
2020-12-16 15:49:38.669242,1146.20835,38.7111346
2020-12-16 15:49:39.208273,1146.2085,38.7119537
2020-12-16 15:49:39.757305,1146.20924,38.7100382
2020-12-16 15:49:40.310336,1146.20482,38.714385
2020-12-16 15:49:40.858368,1146.20799,38.7124694
2020-12-16 15:49:41.425400,1146.20268,38.7137967
2020-12-16 15:49:41.996433,1146.20172,38.7107776
2020-12-16 15:49:42.535464,1146.1959,38.7132089
2020-12-16 15:49:43.077495,1146.19701,38.7093041
2020-12-16 15:49:43.647527,1146.19633,38.7125459
2020-12-16 15:49:44.198559,1146.19434,38.712399
2020-12-16 15:49:44.770591,1146.18815,38.710412
2020-12-16 15:49:45.330623,1146.18815,38.7073176
2020-12-16 15:49:45.877655,1146.1906,38.7100436
2020-12-16 15:49:46.424686,1146.18772,38.7142431
2020-12-16 15:49:46.966717,1146.18721,38.7083491
2020-12-16 15:49:47.505748,1146.1861,38.7102082
2020-12-16 15:49:48.049779,1146.18227,38.7154435
2020-12-16 15:49:48.593810,1146.18271,38.7136016
2020-12-16 15:49:49.150842,1146.18043,38.7158855
2020-12-16 15:49:49.693873,1146.17998,38.7186115
2020-12-16 15:49:50.235904,1146.17417,38.715359
2020-12-16 15:49:50.796936,1146.17411,38.713359
2020-12-16 15:49:51.340967,1146.17205,38.7110751
2020-12-16 15:49:51.891999,1146.16866,38.7132117
2020-12-16 15:49:52.451031,1146.16594,38.7166007
2020-12-16 15:49:53.000062,1146.16629,38.7070974
2020-12-16 15:49:53.562094,1146.16533,38.7152036
2020-12-16 15:49:54.107125,1146.16401,38.7143932
2020-12-16 15:49:54.652157,1146.15848,38.7149089
2020-12-16 15:49:55.204188,1146.15737,38.712846
2020-12-16 15:49:55.752220,1146.15745,38.7137276
2020-12-16 15:49:56.303251,1146.15796,38.7095815
2020-12-16 15:49:56.847282,1146.15553,38.7115682
2020-12-16 15:49:57.410314,1146.15131,38.7106104
2020-12-16 15:49:57.952345,1146.15057,38.712526
2020-12-16 15:49:58.497377,1146.14836,38.7170202
2020-12-16 15:49:59.053408,1146.14829,38.7138521
2020-12-16 15:49:59.596439,1146.14483,38.7126733
2020-12-16 15:50:00.141471,1146.14446,38.7196725
2020-12-16 15:50:00.677501,1146.14121,38.7196725
2020-12-16 15:50:01.228533,1146.14225,38.7145889
2020-12-16 15:50:01.774564,1146.13451,38.7173886
2020-12-16 15:50:02.312595,1146.13797,38.715252
2020-12-16 15:50:02.860626,1146.13458,38.7118629
2020-12-16 15:50:03.433659,1146.13522,38.7109788
2020-12-16 15:50:03.984690,1146.12986,38.7123786
2020-12-16 15:50:04.522721,1146.13023,38.7109763
2020-12-16 15:50:05.075753,1146.12595,38.7113219
2020-12-16 15:50:05.622784,1146.12124,38.7144162
2020-12-16 15:50:06.165815,1146.12175,38.7118376
2020-12-16 15:50:06.730848,1146.11873,38.709038
2020-12-16 15:50:07.271878,1146.11733,38.7117639
2020-12-16 15:50:07.838911,1146.11739,38.7072922
2020-12-16 15:50:08.386942,1146.11086,38.7128234
2020-12-16 15:50:08.934974,1146.11145,38.7134128
2020-12-16 15:50:09.508006,1146.10806,38.7137812
2020-12-16 15:50:10.060038,1146.10858,38.7077399
2020-12-16 15:50:10.599069,1146.10482,38.7123077
2020-12-16 15:50:11.148100,1146.10158,38.7153284
2020-12-16 15:50:11.699132,1146.09694,38.7103185
2020-12-16 15:50:12.244163,1146.10018,38.709066
2020-12-16 15:50:12.813195,1146.09261,38.7103922
2020-12-16 15:50:13.362227,1146.08996,38.7067168
2020-12-16 15:50:13.933259,1146.09025,38.7121147
2020-12-16 15:50:14.481291,1146.08753,38.7134409
2020-12-16 15:50:15.020322,1146.08754,38.7070311
2020-12-16 15:50:15.564353,1146.08629,38.711599
2020-12-16 15:50:16.115384,1146.08032,38.7152828
2020-12-16 15:50:16.663416,1146.08039,38.7104168
2020-12-16 15:50:17.211447,1146.0767,38.7103428
2020-12-16 15:50:17.760478,1146.07655,38.7110795
2020-12-16 15:50:18.310510,1146.07375,38.7077641
2020-12-16 15:50:18.859541,1146.07243,38.7153527
2020-12-16 15:50:19.407573,1146.06816,38.7126283
2020-12-16 15:50:19.958604,1146.06433,38.7105665
2020-12-16 15:50:20.508636,1146.06492,38.714324
2020-12-16 15:50:21.056667,1146.06042,38.7095351
2020-12-16 15:50:21.607698,1146.05986,38.7107875
2020-12-16 15:50:22.157730,1146.06193,38.7100523
2020-12-16 15:50:22.703761,1146.0508,38.7071076
2020-12-16 15:50:23.269793,1146.04822,38.7067392
2020-12-16 15:50:23.816825,1146.04818,38.7095388
2020-12-16 15:50:24.362856,1146.04693,38.7149908
2020-12-16 15:50:24.917888,1146.04236,38.7156539
2020-12-16 15:50:25.470919,1146.04081,38.7132226
2020-12-16 15:50:26.035952,1146.03789,38.70836
2020-12-16 15:50:26.586983,1146.03619,38.7118228
2020-12-16 15:50:27.134014,1146.03295,38.7080653
2020-12-16 15:50:27.687046,1146.03044,38.7103493
2020-12-16 15:50:28.251078,1146.03029,38.7121175
2020-12-16 15:50:28.796110,1146.02528,38.7110123
